3188 5078
334 391 408 462 300
657 371 695 444 T
690 382 820 447 enanis
846 373 886 445 in
914 370 1129 446 Combmon
1318 368 1436 468 [Boon

331 682 476 746 capones
498 664 541 728 ad
566 664 695 731 Nataie.

395 766 582 832 Willeimus
598 767 686 833 iilius
702 768 835 833 Raduifi
853 779 944 834 tenet
955 790 1057 833 vnum
1074 768 1223 833 clausum
1238 777 1273 831 et
1288 767 1437 851 quinque

329 889 422 933 acras
438 879 531 948 terre,
546 880 580 936 et
596 872 705 937 reddit
720 873 798 937 inde
814 893 871 956 per
886 893 1011 937 annum
1027 871 1146 954 xxxij.
1163 871 1325 936 denarios.

395 974 587 1060 Stephanus
611 977 811 1063 Capellanus
842 989 934 1044 tenet
964 999 1066 1045 unum
1090 979 1240 1044 clausum
1263 997 1339 1042 cum
1370 996 1437 1039 vna

328 1079 468 1145 dimidia
504 1101 581 1146 acra
617 1091 712 1159 terre,
747 1092 782 1147 et
819 1083 929 1149 reddit
965 1083 1043 1147 inde
1080 1103 1139 1167 per
1175 1102 1299 1147 annum
1337 1101 1435 1144 .xxx.

329 1183 491 1248 denarios.

394 1288 582 1354 Willelmus
611 1289 782 1356 Bercarius
808 1301 900 1358 tenet
931 1312 1031 1356 vnum
1055 1290 1203 1355 clausum
1227 1310 1302 1354 cum
1330 1287 1437 1353 crofta

329 1500 491 1565 denarios.

394 1604 584 1669 Willelmus
604 1604 691 1669 filius
712 1605 872 1670 Willelmi
895 1603 1037 1688 Bercarij
1059 1611 1152 1669 tenet
1167 1625 1268 1668 vnum
1285 1604 1434 1667 clausum

329 1729 404 1773 cum
420 1709 534 1787 crosta,
549 1719 584 1774 et
599 1710 708 1776 reddit
724 1710 801 1775 inde
816 1731 875 1794 per
890 1730 1015 1775 annum
1031 1709 1072 1791 ij.
1088 1709 1221 1774 solidos.

396 1813 525 1878 Alanus
549 1814 642 1879 saber
667 1823 759 1880 tenet
785 1834 885 1879 vnam
913 1813 1053 1878 croitam
1079 1823 1113 1878 et
1137 1813 1246 1877 reddit
1272 1811 1351 1876 inde
1378 1832 1436 1895 per

329 1937 454 1980 annum
476 1918 662 2001 precentori
686 1919 728 1983 de
752 1919 953 1984 Bemewelle
976 1940 1018 1983 .x.
1042 1917 1174 1982 solidos.

394 2020 564 2086 Gilbertus
579 2023 682 2087 cissor
700 2031 792 2087 tenet
808 2043 909 2087 vnum
926 2023 1085 2099 clausum,
1101 2032 1134 2087 et
1151 2021 1260 2086 reddit
1282 2021 1360 2084 inde
1379 2041 1436 2105 per

328 2145 452 2190 annum
469 2127 655 2210 precentori
671 2128 714 2191 de
731 2127 932 2192 Bernewelle
948 2126 1048 2210 xviij.
1064 2127 1225 2191 denarios.

394 2229 585 2312 Margareta
614 2232 657 2295 de
695 2231 879 2294 Mintemor
907 2231 951 2295 de
983 2229 1206 2306 Eueresdone,
1235 2239 1269 2293 et
1301 2229 1436 2293 Amicia

327 2333 497 2415 quondam
535 2355 621 2399 vxor
658 2334 816 2398 Wiilelmi
856 2335 972 2398 Thede
1008 2335 1051 2398 de
1098 2333 1275 2398 Hariltone
1319 2342 1434 2396 tenent

329 2447 557 2502 tenementum
580 2437 670 2520 quod
696 2437 805 2502 Lucas
831 2438 873 2501 de
898 2437 1103 2502 Euerisdone
1126 2437 1297 2521 quondam
1329 2437 1435 2500 tenuit

330 2561 387 2625 per
401 2543 577 2606 seruicium
594 2541 709 2625 .xxvij.
726 2542 946 2618 denariorum,
962 2550 996 2605 et
1016 2541 1068 2624 iij.
1085 2561 1229 2625 capones
1245 2539 1287 2604 ad
1306 2541 1436 2615 Natale‚

328 2657 361 2709 et
378 2645 477 2709 nichil
494 2645 647 2710 reddunt.
856 2645 997 2710 Summa
1013 2643 1099 2727 dviij.
1115 2644 1212 2708 solidi
1227 2642 1283 2727 xj.
1300 2643 1435 2708 denarii.

235 2819 251 2870 i·
269 2817 315 2886 1⁶9
397 2817 455 2880 lsti
472 2825 550 2881 sunt
566 2814 769 2897 Custumarij
788 2815 936 2880 eiusdem
956 2816 1076 2880 Prioris
1092 2816 1124 2879 in
1142 2815 1377 2881 Cumbertone

394 2957 547 3038 Rogerus
569 2956 612 3018 ad
643 2955 829 3018 Ecclesiam
853 2965 945 3019 tenet
976 2955 1029 3019 ix.
1053 2973 1146 3018 acras
1169 2963 1254 3019 terre
1276 2964 1311 3018 et
1337 2955 1437 3019 saciet

327 3061 475 3144 qualibet
485 3060 672 3143 septimana
687 3080 747 3143 per
758 3080 882 3124 annum
900 3071 966 3124 tres
976 3081 1112 3143 operas:
1127 3058 1252 3123 scilicet
1260 3060 1315 3123 die
1332 3059 1437 3137 Lune,

327 3167 382 3228 die
397 3163 563 3246 Mercurij‚
578 3173 612 3228 et
627 3163 682 3228 die
694 3165 843 3242 Veneris,
855 3165 918 3228 nisi
935 3165 1056 3229 festum
1073 3163 1269 3247 impedierit,
1284 3166 1436 3249 exceptis

328 3269 497 3350 quindena
518 3268 649 3332 Natalis
672 3267 819 3346 Domini,
840 3268 1028 3352 septimana
1050 3267 1185 3347 Pasche,
1199 3279 1233 3333 et
1248 3269 1439 3352 septimana

330 3373 552 3437 Pentecostes

391 3477 564 3559 Johannes
586 3476 629 3541 de
651 3476 807 3542 Greneho
829 3486 921 3542 tenet
944 3478 1028 3542 duas
1051 3497 1146 3542 acras
1167 3487 1261 3553 terre,
1279 3487 1316 3542 et
1338 3478 1438 3544 saciet

328 3581 477 3666 qualibet
497 3583 685 3666 septimana
706 3604 764 3667 per
788 3603 912 3647 annum
933 3603 1034 3648 vnam
1055 3603 1213 3667 operam:
1236 3585 1363 3650 scilicet
1384 3586 1440 3650 die

330 3687 435 3764 Lune,
461 3687 523 3751 nisi
554 3686 674 3752 festum
706 3688 903 3772 impedierit,
933 3698 1077 3773 excepta
1108 3691 1278 3773 quindena
1306 3690 1441 3755 Natalis

330 3794 477 3868 Domini,
500 3794 687 3876 septimana
712 3795 847 3872 Pasche,
868 3807 902 3859 et
925 3795 1113 3878 septimana
1138 3797 1359 3860 Pentecostes.
