3222 5086
350 376 418 446 118
562 374 599 445 T
594 371 639 445 lte
656 371 928 469 pastura-had
948 371 996 469 of
1012 371 1236 470 Madinglcy
1329 369 1453 469 [Boou

343 560 516 625 ecclesiam
539 581 635 624 suam
657 559 701 624 de
725 559 927 625 Bemewelle
950 559 992 624 de
1015 559 1173 643 predictis
1195 559 1403 634 tenementis,
1419 567 1454 622 et

344 665 454 749 ipsum
478 685 536 748 per
558 663 696 746 longum
720 673 853 748 tempus
875 675 954 729 ante
977 675 1120 729 mortem
1143 685 1239 729 suam
1259 664 1303 728 de
1325 662 1453 727 eisdem

344 770 544 835 tenementis
569 771 602 833 in
628 769 796 853 saysinam
824 771 1006 853 plenariam
1033 772 1153 855 posuit,
1175 771 1261 835 sicut
1284 767 1454 853 predictus

345 875 438 940 Prior
459 876 550 953 dicit,
572 875 651 958 quia
673 883 743 938 tam
767 883 828 939 etc

469 1129 519 1195 29.
563 1113 730 1178 Placitum
754 1112 793 1176 de
815 1112 886 1178 dote
907 1112 1050 1178 Mabilie
1071 1133 1131 1196 quc
1147 1111 1225 1194 ficit
1247 1132 1329 1176 vxor

766 1216 797 1282 T
793 1217 884 1282 home
913 1217 945 1282 T
941 1218 1033 1300 uylet.

415 1380 510 1444 Idem
528 1379 621 1443 Prior
636 1380 780 1462 opponit
795 1401 831 1444 sc
854 1381 917 1445 iiii.
937 1381 992 1445 die
1013 1400 1128 1444 uersus
1145 1379 1331 1444 Robertum
1348 1377 1454 1443 filium

349 1483 488 1548 Roberti
515 1483 648 1548 Hubert
671 1483 714 1548 de
741 1483 867 1566 placito
891 1485 981 1567 quod
1007 1484 1236 1550 warantizaret
1259 1485 1290 1548 ei
1315 1485 1455 1548 terciam

349 1599 477 1672 partem
494 1588 548 1652 dx.
565 1598 599 1652 et
620 1589 660 1652 vi.
683 1609 833 1652 acrarum
856 1599 941 1652 terre
962 1610 1038 1653 cum
1055 1589 1266 1672 pertinenciis
1282 1589 1315 1652 in
1332 1588 1456 1654 Cante-

346 1693 452 1775 brigia
478 1703 512 1756 et
538 1691 747 1770 Bernewelle‚
774 1713 876 1775 quam
903 1693 1040 1758 terciam
1068 1703 1196 1776 partem
1224 1692 1364 1757 Mabilia
1388 1713 1457 1776 que

345 1796 407 1860 suit
421 1816 508 1860 vxor
523 1795 654 1859 Thome
670 1794 794 1878 Tuylet
814 1795 938 1860 clamat
958 1796 992 1860 in
1008 1796 1122 1860 dotem
1139 1817 1253 1860 uersus
1273 1817 1359 1862 eum.
1405 1796 1454 1860 Et

272 1940 278 1953 ·
347 1901 436 1964 idem
455 1900 547 1963 Prior
561 1899 643 1963 alias
664 1901 798 1964 uocauit
821 1901 1008 1984 predictum
1026 1901 1211 1965 Robertum
1235 1900 1278 1965 ad
1300 1902 1455 1966 waranti-

346 2005 490 2069 zandum
527 2024 642 2067 uersus
676 2025 760 2080 eam,
795 2014 829 2069 et
865 2005 1033 2069 Robertus
1070 2025 1136 2069 non
1167 2006 1267 2081 uenit,
1298 2015 1358 2070 etc
1395 2006 1454 2070 sed

347 2119 540 2193 preceptum
571 2109 634 2174 fuit
664 2109 851 2174 vicecomiti
882 2111 973 2194 quod
1010 2121 1220 2174 summoneat
1255 2130 1332 2174 eum
1363 2111 1455 2192 quod

346 2224 434 2278 esset
464 2214 507 2278 ad
537 2213 626 2278 hunc
653 2214 742 2278 diem
773 2213 816 2278 ad
843 2215 1138 2280 warantizandum.
1195 2215 1242 2280 Et
1269 2217 1456 2279 vicecomes

347 2317 447 2382 nichil
484 2316 561 2382 inde
597 2317 683 2393 fecit,
713 2339 775 2382 nec
811 2319 911 2384 breue
949 2319 1048 2384 misit
1110 2319 1201 2396 Ideo,
1238 2319 1323 2382 sicut
1353 2319 1455 2400 prius,

346 2431 540 2506 preceptum
578 2431 630 2485 est
663 2421 848 2486 vicecomiti
886 2424 976 2505 quod
1015 2433 1229 2487 summoneat
1266 2420 1454 2506 predictum

349 2528 534 2591 Robertum
558 2529 649 2608 quod
677 2527 721 2590 sit
746 2527 779 2590 in
807 2527 952 2591 crastino
975 2526 1185 2604 Animarum,
1208 2536 1242 2591 et
1269 2527 1455 2592 vicecomes

347 2631 390 2696 sit
406 2628 579 2695 auditurus
592 2630 753 2712 judicium
770 2650 874 2694 suum.
924 2630 1018 2694 Idem
1035 2630 1106 2694 dies
1127 2632 1226 2695 datus
1241 2640 1292 2695 est
1307 2631 1458 2714 predicte

349 2735 484 2800 Mabilie
499 2735 533 2798 in
551 2734 673 2812 Banco,
689 2745 723 2799 et
740 2736 832 2799 Prior
846 2736 943 2817 ponit
959 2735 1033 2799 loco
1047 2755 1109 2800 suo
1129 2735 1317 2800 Galfridum
1335 2735 1457 2799 Russel

349 2849 383 2904 et
398 2850 534 2905 amouet
550 2839 737 2903 Galfridum
753 2840 797 2904 dc
812 2837 929 2904 Toites
945 2859 1045 2921 quem
1062 2840 1152 2923 prius
1167 2849 1228 2904 etc

476 3107 526 3172 30.
571 3089 675 3154 Breue
698 3087 826 3154 domini
848 3089 934 3173 regis
957 3089 995 3153 de
1018 3089 1161 3154 Extenta
1185 3091 1330 3156 Pasture

762 3193 802 3257 de
821 3193 1040 3278 Maddingele.

187 3307 254 3350 wrrt

186 3358 315 3452 {ribeiro
405 3351 569 3426 H[enricus]
579 3353 624 3409 dei
635 3353 731 3423 gracia
743 3363 795 3410 etc.
810 3354 969 3410 vicecomiti
983 3355 1164 3426 Cantebrigie
1177 3357 1305 3412 salutem.
1331 3359 1458 3428 Questus

186 3459 261 3502 cnm.
350 3452 393 3497 est
414 3441 497 3499 nobis
519 3442 599 3498 Prior
618 3442 654 3497 de
676 3441 848 3497 Bernerveile
870 3443 945 3512 quod
966 3444 1112 3513 Johannes
1133 3445 1170 3500 de
1193 3445 1334 3517 Burdelay
1355 3444 1459 3503 iniuste

187 3509 285 3602 m*
297 3561 337 3602 ne
351 3529 563 3601 superonerauit
575 3541 720 3601 pasturam
733 3531 770 3586 de
784 3531 976 3600 Maddingele‚
989 3550 1170 3588 communem
1184 3551 1273 3602 suam,
1286 3535 1327 3591 ita
1339 3535 1416 3607 quod
1428 3536 1459 3591 in

187 3609 317 3703 ¹3¹¹·st
350 3635 386 3674 ea
409 3618 489 3688 plura
513 3629 578 3673 sunt
601 3617 736 3673 animalia
758 3627 785 3673 et
805 3635 909 3690 pecora
929 3637 1015 3692 quam
1035 3621 1141 3675 habere
1161 3621 1245 3677 debet
1265 3631 1293 3678 et
1312 3622 1458 3694 adipsum

275 3713 292 3765 i.
307 3732 339 3777 44
351 3706 471 3779 pertinet
483 3702 678 3778 [habendum]
707 3705 777 3760 ideo
786 3706 838 3760 tibi
850 3706 1021 3788 precipimus
1031 3708 1108 3778 quod
1121 3707 1193 3764 iuste
1205 3718 1233 3765 et
1246 3711 1307 3765 sine
1317 3711 1459 3768 dilacione

187 3801 303 3834 common
352 3793 526 3850 emensurari
544 3792 632 3848 iacias
645 3803 791 3863 pasturam
808 3793 893 3862 illam,
912 3793 951 3849 ita
971 3795 1046 3866 quod
1068 3795 1212 3866 predictus
1232 3797 1378 3867 Johannes
1399 3815 1457 3854 non

205 3847 288 3884 nature
297 3841 325 3883 oi

219 3891 335 3943 ndrngtey
351 3883 456 3937 habeat
467 3881 549 3953 plura
559 3881 696 3936 animalia
708 3882 737 3936 in
747 3898 782 3938 ea
794 3891 822 3937 et
834 3897 938 3953 pecora
946 3897 1032 3952 quam
1041 3885 1146 3941 habere
1155 3885 1240 3940 debet
1252 3895 1280 3940 et
1291 3883 1354 3957 [ad]
1363 3887 1458 3958 ipsum

187 3941 328 4035 pinedappred.
351 3969 473 4040 pertinet
487 3968 652 4023 habendum
664 3969 818 4024 secundum
836 3969 955 4025 liberum
972 3981 1165 4027 tenementum
1179 3989 1261 4028 suum
1278 3975 1355 4045 quod
1371 3975 1459 4034 habet

188 4042 312 4135 ffi‘ffl
352 4058 381 4111 in
403 4056 504 4112 eadem
529 4056 613 4122 vilia;
639 4067 666 4111 et
688 4058 763 4128 quod
783 4058 927 4128 predictus
949 4059 1027 4114 Prior
1046 4059 1149 4115 habeat
1168 4059 1197 4115 in
1215 4070 1331 4132 pastura
1349 4063 1398 4118 illa
1416 4073 1459 4119 tot

188 4141 327 4234 333¹&
353 4143 487 4199 animalia
503 4154 531 4199 et
543 4161 645 4214 pecora
658 4156 726 4215 quot
740 4145 846 4200 habere
859 4144 951 4212 debet,
965 4157 991 4202 et
1005 4146 1042 4201 ad
1055 4147 1148 4217 ipsum
1160 4147 1281 4219 pertinet
1294 4148 1459 4206 habendum

188 4243 264 4285 nean
354 4233 509 4288 secundum
527 4233 646 4288 liberum
665 4243 858 4288 tenementum
875 4251 956 4288 suum
975 4234 1053 4303 quod
1070 4235 1156 4290 habet
1175 4235 1204 4290 in
1222 4235 1321 4290 eadem
1334 4237 1409 4307 viiia,
1423 4257 1460 4294 ne

188 4297 303 4444 ἷξοᾟιῖ,
353 4321 421 4376 inde
445 4321 597 4375 clamorem
622 4320 722 4375 audias
746 4337 798 4390 pro
823 4319 933 4376 deiectu
957 4321 1075 4390 justicie.
1114 4324 1200 4378 Teste
1223 4340 1270 4378 me
1294 4325 1357 4394 ipso
1381 4328 1460 4397 apud

191 4403 255 4446 ¹²⁷⁰·
353 4409 638 4464 westmonasterium
657 4427 709 4462 αα.
729 4409 775 4465 dic
793 4409 858 4480 Julij
877 4425 953 4463 anno
972 4411 1050 4480 regni
1069 4412 1157 4466 nostri
1176 4412 1204 4465 1⁰.
1225 4411 1284 4481 iiij0.
