3144 5070
757 333 1001 406 Miscellanoa

453 520 476 577 b.
521 520 605 578 Sedes
624 520 790 595 episcopales
810 526 839 578 et
857 519 1104 595 archiepiscopales
1124 518 1156 575 in
1176 515 1298 592 Anglii.

385 666 637 745 Archiepiscopus
658 666 880 729 Cantuariensis
902 667 958 727 hos
979 667 1069 727 habet
1091 667 1297 741 suffraganeos.

567 791 822 854 Londoniensem.

567 895 751 954 Roffensem.

567 989 796 1054 cicestrensem.

567 1087 780 1151 Oxoniensem.

569 1188 821 1266 Wyntoniensem.

568 1287 812 1349 Bathoniensem.

567 1385 823 1448 sarisburiensem.

566 1481 818 1562 Wygorniensem.

568 1582 831 1643 Herefordensem.

568 1682 814 1743 Couentrensem.

568 1776 820 1840 Lincolniensem.

567 1878 738 1954 Elyensem.

569 1976 806 2052 Norwycensem.

384 2117 414 2167 et
436 2106 467 2182 iij
489 2105 519 2165 in
541 2105 655 2167 Wallia.

567 2226 797 2302 Bangorensem.

568 2328 616 2387 De
637 2337 742 2386 sancto
764 2323 873 2403 Asaph.

567 2425 807 2483 Landauensem.

568 2525 776 2583 Beneuensem
799 2522 957 2601 (Meneussp

383 2655 635 2731 Archiepiscopus
651 2653 848 2714 Eboracensis
862 2655 918 2713 hos
933 2655 1022 2713 habet
1037 2653 1238 2730 suffraganeos
1252 2654 1283 2712 in
1299 2655 1413 2732 Anglia.

567 2773 811 2831 Dunelmensem.

569 2870 803 2930 Karleolensem.

587 3058 611 3098 c.
658 3035 753 3118 Office
772 3038 814 3116 os
829 3037 880 3098 tice
906 3037 994 3118 Holy
1024 3037 1054 3099 Τ
1052 3037 1161 3118 rinity.

242 3199 257 3246 s,
274 3198 311 3248 rb
385 3177 424 3234 ln
439 3177 618 3234 veneracione
633 3183 729 3234 sancte
740 3175 905 3234 irc'nitaiis:
924 3175 1052 3252 officium.
1098 3175 1262 3235 Benedicta
1276 3177 1313 3234 sit
1328 3187 1432 3235 sancta

325 3272 447 3344 trinitas,
462 3285 551 3349 atque
566 3271 695 3333 indiuisa
709 3271 813 3332 unitas.
848 3270 1057 3332 confitebimur
1068 3271 1094 3332 ei
1106 3271 1176 3348 quia
1190 3271 1259 3332 iecit
1274 3271 1431 3332 nobiscum

324 3370 556 3432 misericordiam
584 3390 678 3430 suam.
722 3372 752 3430 S.
797 3368 1015 3430 Benedicamus
1042 3381 1157 3446 patrem
1186 3381 1216 3430 et
1245 3369 1337 3430 filium
1362 3390 1431 3430 cunr

324 3482 428 3530 sancto
443 3467 555 3546 spiritu.
602 3469 714 3529 Oroa'o
758 3467 959 3545 Omnipotens
974 3467 1153 3545 sempiterne
1167 3468 1243 3528 deus
1257 3467 1309 3545 qui
1323 3468 1433 3530 dedisti

323 3565 441 3626 famulis
469 3565 527 3627 tuis
555 3565 587 3626 in
611 3563 799 3626 confessione
826 3583 896 3626 uere
924 3564 994 3625 fidei
1022 3575 1123 3626 eterne
1147 3563 1284 3625 trinitatis
1307 3565 1432 3642 gloriam

324 3683 493 3742 agnoscere,
518 3673 549 3724 et
576 3661 607 3722 iu
632 3662 802 3740 potenciam
831 3661 992 3723 maiestatis
1016 3662 1140 3722 adorare
1167 3660 1330 3723 unitatem!
1364 3681 1434 3739 que-

325 3782 427 3822 sumus
448 3774 481 3821 ut
501 3761 635 3823 eiusdem
656 3761 726 3822 fidei
748 3760 884 3822 firmitate
905 3763 944 3822 ab
965 3761 1105 3822 omnibus
1126 3781 1245 3839 semper
1266 3762 1434 3822 muniamur

325 3863 475 3924 aduersis!
497 3860 558 3938 Qui
573 3861 648 3920 uiuis
663 3872 694 3920 et
707 3880 811 3938 regnas
826 3861 900 3921 deus
915 3879 967 3938 per
981 3861 1082 3920 omnia
1097 3861 1197 3920 secula
1210 3862 1387 3921 seculorum.

386 3961 440 4020 Ad
468 3960 641 4020 Corinthios.
699 3961 832 4018 Fratres!
865 3955 968 4019 Gratia
995 3956 1111 4017 domini
1138 3956 1224 4018 ihesu
1256 3956 1373 4018 christi!
1404 3970 1434 4020 et

328 4057 447 4119 Karitas
480 4057 538 4119 dei.
592 4057 631 4116 Et
665 4054 904 4118 communicacio
938 4055 1033 4116 sancti
1067 4056 1194 4134 spiritus.
1247 4057 1285 4118 sit
1319 4077 1436 4136 semper

326 4178 396 4219 cum
416 4157 556 4218 omnibus
576 4157 673 4218 nobis.
718 4160 755 4218 In
776 4158 886 4217 christo
905 4155 1009 4217 ihesu!
1037 4153 1162 4218 domiuo
1183 4167 1294 4219 nostro.

388 4257 443 4316 Ad
465 4259 631 4318 Romanos:
660 4256 689 4318 Ο
713 4253 840 4317 altitudo
867 4253 1041 4316 diuiciarum
1070 4254 1221 4334 sapiencie
1250 4267 1280 4317 et
1307 4257 1437 4319 sciencie

328 4356 395 4416 deit
418 4374 509 4432 quam
524 4353 836 4432 incomprehensibilia
850 4367 917 4415 sunt
932 4352 1041 4414 iudicia
1055 4352 1125 4415 eius
1172 4367 1202 4416 et
1216 4355 1437 4434 inuestigabiles
