3222 5086
328 360 398 429 160
653 357 755 430 Mau
777 356 940 456 assota
967 357 1001 428 a
1027 355 1109 428 Rus
1311 353 1431 453 [soon

322 552 430 608 totum
465 544 547 608 illud
579 546 787 627 mesuagium
823 553 884 609 etc.
946 545 991 608 Et
1021 545 1095 626 ipsa
1125 545 1250 610 Cecilia
1279 554 1432 626 tempore

322 647 448 712 itineris
471 648 730 730 justiciariorum
760 647 878 712 habuit
908 649 1015 711 uirum
1047 647 1236 730 Johannem
1263 647 1432 730 Humlrey

322 754 465 830 nomine,
496 752 584 818 vnde
616 752 709 817 Prior
739 754 772 817 in
804 755 920 818 itinere
948 753 1208 836 justiciariorum
1235 754 1431 837 impetrauit

320 857 422 921 breue
446 857 557 940 Regis.
604 857 650 920 Et
673 857 749 921 talis
772 868 823 921 est
846 857 1049 922 inrotulaci0.

713 1091 761 1168 84
808 1087 1027 1151 Inromlaciot

159 1256 291 1300 Recoruor
375 1238 455 1294 Prior
478 1239 514 1294 de
544 1239 717 1294 Bemewelle
742 1237 859 1308 optulit²
881 1256 911 1293 se
936 1250 1036 1310 quarto
1066 1240 1112 1294 die
1141 1256 1239 1294 uersus
1270 1241 1429 1310 Johannem

155 1307 298 1350 ¹¹¹⁸⁸²¹¹⁰¹¹'
323 1328 461 1398 Humfrey
473 1339 500 1382 et
514 1328 649 1384 Ceciliam
663 1345 777 1383 uxorem
789 1328 849 1382 eius
863 1328 898 1382 de
916 1328 1019 1397 placito
1036 1329 1111 1399 quod
1131 1327 1235 1383 faciant
1251 1329 1277 1382 ei
1294 1339 1430 1384 consueta

319 1425 348 1472 et
361 1427 438 1472 recta
450 1416 570 1472 seruicia
581 1435 637 1489 que
649 1418 676 1473 ei
688 1418 781 1472 facere
794 1417 898 1471 debent
914 1417 950 1471 de
965 1415 1054 1471 libero
1070 1425 1233 1472 tenemento
1250 1417 1326 1486 quod
1343 1417 1379 1471 de
1394 1433 1429 1472 eo

319 1512 417 1560 tenent
430 1506 458 1559 in
473 1505 662 1575 Cantebn'gia‚
675 1515 705 1560 ut
719 1504 747 1559 in
761 1504 925 1572 redditibus,
938 1501 1111 1575 arderagiis]
1124 1516 1151 1558 et
1164 1505 1361 1576 alijsseruicijs
1373 1516 1427 1560 etc.

320 1594 358 1647 Et
371 1592 424 1662 ipsi
438 1610 495 1648 non
509 1594 632 1661 ueniunt,
646 1604 674 1647 et
688 1592 792 1663 pluries
809 1591 934 1647 lecerunt
950 1591 1078 1647 defaltas.
1118 1592 1187 1647 Ideo
1204 1603 1367 1664 preceptum
1384 1602 1429 1648 est

319 1680 477 1736 vicecomiti
499 1682 576 1752 quod
594 1681 745 1750 distringat
767 1697 816 1736 eos
838 1697 888 1750 per
909 1697 1010 1735 omnes
1031 1689 1128 1748 terras,
1150 1690 1219 1746 etc.;
1247 1689 1275 1734 et
1296 1679 1373 1750 quod
1393 1679 1429 1733 de

319 1769 439 1825 exitibus
451 1779 521 1835 etc.;
540 1778 567 1824 et
585 1770 661 1841 quod
676 1769 781 1823 habeat
798 1785 917 1839 corpora
934 1786 1030 1824 eorum
1048 1769 1124 1839 apud
1141 1768 1427 1824 Westmonasterium

319 1875 338 1912 a
349 1857 395 1912 die
409 1859 506 1913 Sancti
521 1857 671 1913 Michaelis
684 1859 712 1911 in
726 1874 812 1912 vnum
825 1875 953 1912 mensem
966 1868 1019 1912 etc.

156 2015 307 2059 rnemuow
385 1998 651 2079 Verumptamen
683 1997 775 2060 dicta
805 1996 938 2074 Cecilia,
969 1997 1087 2060 nolens
1118 1997 1255 2062 ulterius
1285 1997 1427 2080 fatigari,

156 2067 284 2160 ilidii„
320 2100 412 2163 uenit
427 2109 545 2182 postea
560 2099 602 2162 ad
619 2092 744 2162 curiam
760 2099 803 2162 de
819 2097 1034 2182 Cantebrigia
1050 2119 1115 2162 vna
1130 2120 1205 2162 cum
1222 2099 1292 2164 viro
1308 2119 1378 2177 su0,
1394 2109 1429 2163 et

320 2205 444 2268 ibidem
467 2225 579 2268 coram
608 2205 732 2267 maiore
760 2212 793 2265 et
820 2203 952 2267 balliuis
978 2213 1012 2267 et
1039 2205 1113 2286 alijs
1137 2204 1251 2268 multis
1274 2206 1425 2287 quietum

319 2309 478 2372 clamauit
495 2308 597 2371 Priori
614 2317 722 2370 totum
736 2306 791 2388 jus
807 2317 840 2370 et
856 2309 1020 2372 clameum
1037 2309 1127 2390 quod
1145 2310 1262 2373 habuit
1278 2309 1310 2372 in
1328 2309 1426 2372 dictis

320 2413 540 2489 tenementis;
570 2421 606 2475 et
636 2411 729 2474 Prior
755 2431 814 2493 per
844 2413 1022 2475 canonicos
1052 2433 1130 2476 suos
1161 2413 1275 2476 statim
1302 2415 1428 2495 recepit

320 2537 510 2599 saysynam.

157 2651 281 2692 tutuno
386 2620 474 2704 Quia
490 2621 591 2702 igitur
611 2618 702 2682 dicta
724 2619 847 2684 Cecilia
871 2619 972 2683 habet
992 2620 1099 2683 uirum
1123 2620 1175 2683 cui
1199 2620 1426 2685 contradicere

155 2699 305 2793 ξῗῖηιῖἶῗήω
320 2746 385 2790 non
411 2727 530 2809 potuit,
553 2736 586 2789 et
608 2726 688 2808 quia
710 2746 776 2788 non
801 2724 879 2788 iecit
905 2725 991 2788 hanc
1014 2727 1161 2808 quietam
1186 2727 1425 2790 clamacionem

154 2807 300 2902 ἷίῗῗῖἷιῗιῗ
318 2851 430 2894 coram
450 2831 641 2912 justiciarijs
661 2831 717 2913 qui
739 2831 876 2894 recorda
897 2839 1040 2912 portant,
1056 2828 1243 2893 timendum
1262 2840 1313 2893 est
1334 2831 1424 2912 quod

154 2936 241 3002 ΜΨ)
320 2934 400 2998 uelit
431 2935 549 2998 iterum
581 2937 671 2998 dicta
702 2944 894 2998 tenementa
924 2933 1151 3017 calumpniare
1185 2954 1260 2996 cum
1291 2943 1425 3016 tempus

320 3039 440 3102 uiderit
455 3047 666 3121 oportunum.
713 3038 758 3101 Et
779 3037 855 3102 ideo
880 3036 1030 3120 predicta
1053 3036 1177 3103 Cecilia
1197 3038 1333 3101 uiuente
1356 3059 1424 3101 non

318 3153 370 3206 est
392 3162 544 3206 securum
568 3142 658 3205 dicta
678 3151 872 3204 tenementa
891 3139 1054 3217 edificare,
1075 3138 1126 3203 vel
1150 3141 1255 3203 eciam
1280 3141 1425 3204 uendere

319 3247 416 3311 alicui
439 3246 592 3310 faciendo
608 3255 735 3310 cartam
752 3245 910 3308 warantie
925 3245 996 3307 sine
1012 3243 1153 3307 consilio
1167 3245 1300 3308 saniori.

435 3481 483 3558 85.
529 3479 696 3543 Placitum
718 3479 757 3541 de
777 3477 967 3541 Molendino
993 3475 1160 3552 Johannes
1182 3475 1211 3538 le
1231 3476 1311 3539 Rus.

156 3659 272 3702 uowtne
382 3634 553 3717 Johannes
584 3633 670 3696 filius
701 3631 852 3713 Mauricij
884 3632 915 3694 le
944 3631 1015 3694 Rus
1041 3630 1148 3693 tenuit
1174 3631 1217 3694 de
1245 3630 1355 3693 Priore
1381 3631 1425 3694 de

155 3709 294 3802 3ῗᾶἶᾶἳῖ
319 3736 520 3800 Bemewelle
550 3736 654 3799 multa
686 3744 878 3798 tenementa
905 3735 938 3797 in
965 3732 1043 3796 villa
1070 3735 1112 3796 de
1141 3733 1364 3816 cantebrigia,
1390 3744 1425 3798 et

154 3809 303 3903 ῗιῖἷῗιξιῖἷοοῗ
319 3842 441 3905 multas
469 3851 571 3904 terras
599 3841 631 3902 in
658 3841 794 3921 campis,
817 3859 878 3922 pro
904 3838 1024 3920 quibus
1051 3839 1190 3902 reddere
1213 3838 1342 3901 solebat
1365 3859 1424 3922 per

169 3910 250 4004 ⁰1¹2?st
318 3965 442 4010 annum
462 3945 570 4008 eidem
588 3945 691 4007 Priori
707 3943 824 4026 viginti
841 3951 875 4005 et
890 3951 967 4005 octo
982 3941 1106 4005 solidos
1122 3951 1156 4004 et
1172 3941 1245 4005 .xi.
1260 3943 1424 4006 denarios

319 4050 415 4114 Idem
443 4069 522 4112 uero
547 4049 718 4130 Johannes
745 4047 897 4111 uendidit
921 4066 1078 4129 magnam
1103 4057 1232 4129 partem
1255 4057 1342 4111 terre
1365 4069 1424 4112 sue

318 4176 378 4239 per
398 4154 585 4238 particulas,
630 4154 784 4217 Tandem
807 4153 900 4215 uenit
919 4152 1008 4214 idem
1023 4152 1196 4234 Johannes
1212 4162 1245 4216 et
1261 4152 1425 4236 obligauit

320 4261 422 4324 Priori
448 4269 482 4323 et
506 4257 694 4322 Conuentui
719 4257 948 4321 molendinum
972 4279 1070 4321 suum
1097 4259 1263 4340 equicium
1291 4261 1335 4323 ad
1358 4261 1424 4323 dis—

455 4435 465 4468 ¹
483 4434 568 4486 Assize
582 4435 648 4494 Roll.
662 4435 704 4485 No
715 4433 755 4492 86,
767 4434 873 4484 membr.
887 4437 925 4486 28.
1058 4431 1069 4465 ²
1085 4435 1199 4500 opponit,
1214 4435 1271 4488 MS.
