3192 5102
118 1217 120 1220 ’
219 1219 267 1260 end
283 1219 324 1259 the

383 395 401 442 2
408 393 457 464 30
513 370 664 444 Churcle
689 371 737 468 of
754 373 795 446 S.
813 371 933 470 Maey
958 369 1019 444 the
1049 371 1168 444 Great
1193 371 1308 442 barret
1368 366 1481 466 [Boon

635 731 686 794 4ο.
731 713 929 778 Inratulacio
950 715 999 778 ad
1020 714 1232 778 Scaccan'um.

216 867 362 960 ἕψοι
450 857 489 919 In
514 858 622 921 rotulo
645 857 782 922 memor'
810 860 854 923 de
883 879 972 922 anno
1002 859 1111 934 .xviii.,
1141 860 1173 922 in
1205 859 1349 922 termino
1375 867 1485 921 sancte

216 968 368 1059 atgagg·
384 961 549 1037 trinitatis,
571 964 784 1026 continentur
806 964 867 1027 hec
890 963 1000 1028 uerba.

218 1067 331 1160 mm
437 1089 628 1158 Cantabrigia.
654 1091 829 1146 Concessum
842 1101 885 1145 est
901 1089 986 1145 Priori
1001 1091 1035 1144 de
1048 1090 1225 1158 Bernewelle,
1235 1108 1286 1162 per
1297 1091 1445 1144 Matheum
1452 1087 1485 1142 de

218 1168 261 1210 ²¹¹²
277 1169 345 1208 9⁶⁰¹
388 1177 531 1247 Kertlinge
550 1179 775 1234 concanonicum
793 1196 883 1246 suum,
898 1179 975 1250 quod
994 1196 1045 1248 pro
1062 1179 1116 1248 ‚xii
1134 1178 1211 1232 libn's
1227 1195 1299 1249 quas
1317 1177 1393 1233 idem
1412 1176 1487 1230 Prior

219 1267 268 1310 mn
385 1264 469 1319 soluit
481 1265 559 1334 Regi,
572 1265 675 1320 habeat
686 1283 801 1334 annum,
814 1266 898 1334 diem,
911 1277 940 1321 et
953 1279 1065 1322 vastum
1078 1278 1214 1322 terrarum
1225 1275 1254 1322 et
1264 1277 1486 1322 tenementorum

219 1324 312 1410 iiiiii
385 1369 439 1424 que
449 1353 559 1408 fuerunt
571 1354 683 1410 Ricardi
696 1351 867 1426 Laursencii]
879 1355 1000 1410 conuicti
1012 1353 1049 1410 de
1060 1369 1149 1411 morte
1159 1355 1277 1412 Geisridi
1286 1355 1322 1409 de
1336 1355 1486 1423 Griseieye‚

221 1418 353 1470 ¹²⁸⁹'¹¹⁹⁰·
385 1449 412 1493 et
427 1441 530 1510 Rogen'
543 1440 579 1495 de
592 1442 794 1512 Wytherisfeid
807 1442 935 1514 suspensi
953 1459 1005 1513 pro
1021 1455 1112 1498 morte
1126 1443 1253 1498 eiusdem
1266 1445 1294 1497 iu
1315 1445 1486 1498 Cestertone

386 1527 440 1597 Qui
454 1545 555 1596 annus,
568 1529 637 1598 dies,
651 1542 678 1586 et
691 1541 789 1586 vastus
806 1531 912 1586 extensi
927 1531 1037 1586 inerunt
1050 1533 1087 1586 ed
1100 1531 1165 1600 aiij.
1179 1531 1264 1586 libras
1277 1531 1360 1602 niviij.
1374 1529 1486 1593 solidos,

385 1625 413 1671 et
432 1632 488 1688 que
507 1628 579 1673 terre
599 1629 627 1673 et
647 1629 808 1674 tenementa
819 1630 951 1674 tenentur
970 1619 1007 1675 de
1027 1619 1089 1690 ipso
1110 1620 1204 1674 Priore
1221 1619 1326 1675 ibidem
1344 1621 1372 1674 in
1389 1621 1486 1690 capite,

385 1705 471 1760 saluis
489 1707 560 1776 Regi
578 1724 662 1774 anno,
679 1709 734 1774 die,
752 1720 779 1763 et
796 1719 879 1764 vasto
895 1709 931 1764 de
947 1709 1080 1764 omnibus
1096 1709 1159 1779 alijs
1177 1709 1257 1764 terris
1274 1719 1302 1762 et
1320 1708 1487 1763 tenementis

384 1809 439 1863 que
456 1793 542 1847 iidem
560 1795 699 1850 Ricardus
715 1806 743 1851 et
760 1797 889 1865 Rogems
907 1806 1055 1851 tenuerunt
1072 1807 1150 1851 extra
1167 1795 1321 1866 predictam
1341 1795 1437 1850 villam
1454 1794 1487 1849 de

386 1882 551 1936 Cestertone
563 1891 622 1937 tam
635 1884 665 1937 in
677 1883 744 1938 villa
757 1883 938 1954 cantebrigie
950 1900 1035 1955 quam
1049 1883 1124 1938 alibi.

504 2141 555 2204 41.
601 2124 749 2188 Materia
771 2123 928 2190 discordie
951 2125 1038 2189 inter
1056 2125 1176 2208 Regem
1200 2123 1320 2206 Anglie
1340 2133 1374 2186 et

797 2230 918 2313 Regem
941 2229 1085 2293 Francie.

221 2403 242 2444 n
256 2407 325 2454 grear
451 2373 737 2457 septimodecimo
760 2374 836 2438 Kat’
853 2374 934 2438 Maii
955 2385 1029 2438 orta
1052 2385 1102 2438 est
1118 2384 1300 2458 tempestas
1316 2373 1491 2448 horribilis,

220 2452 361 2564 iiiiirniaind
386 2489 419 2543 et
450 2477 696 2542 inundauerunt
733 2499 819 2562 aque
857 2479 1079 2555 uehementer,
1117 2477 1204 2542 vnde
1241 2477 1492 2541 innumerabilis

221 2559 331 2656 iiiive.
387 2583 567 2648 multitudo
604 2581 784 2648 bestiarum
817 2593 948 2648 mortua
984 2594 1035 2648 est
1066 2583 1098 2647 in
1131 2581 1286 2660 mariscis,
1316 2591 1351 2646 et
1381 2582 1491 2665 plures

386 2689 546 2752 homines.

222 2804 347 2898 3332:
453 2793 582 2857 Eodem
602 2793 657 2856 die
672 2793 820 2875 quinque
839 2793 1000 2874 porticus¹
1021 2812 1096 2856 cum
1117 2790 1331 2855 multitudine
1346 2800 1491 2854 armato·

221 2917 309 2996 mn
325 2962 350 2997 n
387 2919 458 2961 rum
476 2909 509 2962 et
525 2897 671 2974 nauium,
686 2907 826 2980 optenta
841 2899 932 2980 prius
951 2917 971 2959 a
988 2897 1082 2978 Rege
1098 2895 1244 2972 licencia,
1260 2905 1491 2977 processerunt

221 3017 264 3047 κ·
276 3007 351 3058 ¹¹²⁹³¹·
386 3025 461 3067 cum
478 3003 586 3067 surore
603 3022 726 3084 magno
738 3011 774 3066 vt
786 3003 994 3066 uindicarent
1010 3023 1045 3064 se
1057 3003 1100 3065 de
1116 3001 1257 3065 inimicis
1273 3001 1349 3076 suis,
1365 3002 1491 3064 scilicet

386 3106 428 3168 de
442 3103 654 3178 Normannis‚
666 3103 708 3166 de
720 3104 849 3184 quibuS,
863 3111 899 3166 ut
912 3103 1093 3178 dicebatur,
1107 3102 1341 3166 interfecerunt
1357 3103 1389 3166 in
1408 3103 1490 3165 mari

387 3207 554 3292 usquead
579 3209 641 3272 tria
665 3206 755 3271 milia
778 3207 960 3282 hominum,
985 3215 1018 3270 et
1049 3227 1152 3271 naues
1174 3227 1287 3271 eorum
1318 3227 1431 3270 secum
1456 3207 1489 3270 in

286 3323 304 3372 s.
318 3324 370 3374 8812
386 3312 546 3396 Angliam
569 3313 783 3376 deduxerunt
807 3333 910 3394 usque
934 3311 976 3375 ad
1000 3332 1072 3376 ,ccc.
1121 3311 1166 3375 Et
1188 3312 1215 3374 si
1239 3310 1289 3374 sas
1309 3321 1361 3376 est
1381 3311 1490 3374 dicere
1575 3339 1578 3346 Α

385 3420 475 3484 dolia
497 3421 650 3482 vinorum
675 3418 761 3481 inter
782 3439 818 3481 se
840 3418 1026 3482 diuiserunt
1049 3437 1153 3500 usque
1176 3417 1218 3480 ad
1242 3437 1312 3480 .xx.
1336 3416 1435 3479 milia.

416 3677 467 3740 42.
513 3657 565 3722 De
587 3657 730 3722 incendio
751 3655 872 3721 ecclesie
895 3657 1016 3722 Sancte
1037 3655 1151 3720 Marie
1173 3655 1211 3720 de
1235 3653 1453 3739 Cantebrigie.

221 3831 339 3874 nowtne
452 3806 604 3890 Septimo
621 3803 694 3868 idus
708 3803 787 3886 Jutij
806 3803 887 3867 hora
904 3824 992 3867 nona
1013 3803 1078 3867 diei
1094 3803 1269 3868 combusta
1283 3811 1335 3866 est
1351 3802 1488 3867 ecclesia

218 3880 350 4024 {iffi
385 3910 482 3974 beate
499 3908 604 3972 Marie
621 3907 833 3990 Cantebrigie
850 3915 883 3970 et
899 3905 1008 3990 plures
1024 3908 1144 3971 domos
1159 3905 1192 3968 in
1209 3905 1355 3968 circuitu.

217 4032 370 4135 dites„

217 4133 318 4235 griffi&
775 4141 783 4173 ¹
801 4143 857 4193 The
868 4145 967 4209 Cinque
980 4143 1059 4195 Ports.
