3192 5102
355 356 426 444 298
600 352 638 425 T
632 363 764 428 ertants
790 354 831 427 in
858 355 1001 440 Boura,
1033 351 1223 452 Caldeqote
1343 345 1456 450 [aoou

414 539 603 604 Willelmus
620 540 701 607 Scot
717 551 810 607 sutor
824 551 918 606 tenet
932 542 1103 626 quoddam
1120 540 1273 604 clausum
1288 540 1332 604 ad
1346 538 1456 603 volun-

349 653 454 710 tatem
472 645 600 723 Primis,
614 655 651 710 et
664 645 766 712 debet
781 668 841 731 per
855 667 981 712 annum
998 647 1074 712 .xvi.
1090 647 1253 711 denarios.

414 747 582 814 Walterus
604 747 636 813 le
660 749 777 834 Longe
799 761 894 815 tenet
915 749 1088 834 quoddam
1111 749 1261 814 clausum
1284 748 1329 812 ad
1346 748 1457 812 volun-

349 860 453 916 tatem
491 853 611 917 Prioris
649 873 725 917 cum
764 853 878 932 crofta,
909 863 942 919 et
972 853 1072 920 saciet
1101 863 1246 938 quatuor
1276 874 1398 936 operas
1426 853 1456 916 in

348 964 543 1040 autumpno,
564 965 599 1020 et
620 956 722 1022 debet
745 977 950 1041 perannum
974 957 1016 1040 ij.
1039 957 1172 1022 solidos.

413 1059 601 1124 Willelmus
618 1059 728 1125 Euote
743 1069 836 1126 tenet
851 1063 1023 1144 quoddam
1036 1062 1186 1126 clausum
1202 1080 1278 1126 cum
1295 1060 1403 1124 crosta
1418 1059 1457 1123 ad

349 1163 528 1228 terminum
544 1163 613 1228 vite
627 1172 662 1228 et
677 1163 778 1230 debet
793 1183 852 1247 per
867 1183 992 1229 annum
1009 1163 1062 1246 iij.
1078 1163 1211 1229 solidos

904 1269 1047 1336 Summa
1061 1290 1104 1334 .x.
1120 1267 1218 1332 solidi
1233 1266 1309 1348 xiij.
1325 1266 1459 1330 denarii

416 1441 583 1506 Redditus
620 1443 773 1506 annualis
809 1442 852 1507 de
888 1445 1082 1509 tenentibus
1118 1445 1176 1528 qui
1209 1454 1392 1509 tenuerunt
1420 1445 1459 1508 de

353 1563 502 1627 Roberto
524 1561 622 1626 Bette
645 1562 677 1626 in
702 1562 780 1627 villa
802 1563 845 1628 de
870 1565 1023 1628 Brunne:

416 1815 470 1878 De
486 1814 634 1880 Roberto
650 1813 718 1878 filio
734 1815 863 1879 Aibrici
879 1815 975 1880 West
991 1835 1050 1899 per
1065 1834 1190 1878 annum
1206 1814 1247 1894 ,ij.
1264 1812 1430 1877 denarios.

415 1919 469 1984 De
486 1919 635 2004 Symone
651 1919 817 2002 Berenger
832 1939 1031 2002 perannum
1048 1919 1077 2002 .j.
1093 1919 1266 1983 denarium
1283 1917 1337 1980 ob.

416 2024 471 2089 De
484 2024 639 2106 Johanne
655 2022 685 2086 N
689 2043 805 2087 orman
823 2043 881 2106 per
896 2043 1023 2087 annum
1039 2021 1100 2087 .ob.

1075 2126 1216 2192 Summa
1232 2125 1305 2208 niij.
1324 2124 1459 2189 denarii

417 2257 583 2322 Redditus
599 2257 752 2321 annualis
767 2257 810 2321 de
826 2255 982 2319 Brunne:

417 2404 471 2469 De
492 2405 631 2469 domino
653 2404 806 2471 Giiberto
823 2403 930 2475 Peche
953 2404 994 2466 ad
1020 2403 1142 2466 festum
1161 2402 1268 2466 sancti
1286 2401 1459 2466 Michaelis

351 2533 441 2575 .xxv.
467 2508 599 2574 solidos.

417 2615 470 2680 De
499 2615 618 2680 eodem
649 2615 800 2682 Gilberto
833 2614 939 2680 Peche
970 2614 1013 2678 ad
1046 2613 1168 2678 Nataie
1199 2613 1337 2677 Domini
1369 2633 1458 2676 .xxv.

352 2721 476 2889 501¹&
478 2771 604 2890 'eodem
621 2823 773 2888 Gilberto
787 2824 831 2888 ad
849 2823 977 2888 Pascha
991 2845 1083 2888 .xxv.
1099 2823 1233 2888 solidos.

417 2930 471 2995 De
507 2931 626 2995 eodem
664 2929 707 2992 ad
745 2929 866 2994 festum
906 2928 1103 2993 Natiuitatis
1141 2927 1259 2993 Sancti
1296 2925 1458 3009 johannis

354 3037 507 3118 Baptiste
529 3056 621 3100 .xxv.
644 3033 778 3099 solidos.
1158 3031 1300 3098 Summa
1315 3053 1353 3096 .v.
1370 3031 1457 3096 libre

599 3175 740 3242 Summa
754 3173 868 3240 totalis
883 3175 926 3238 de
943 3173 1078 3238 Brunne
1092 3172 1155 3257 xij.
1171 3171 1242 3238 libr.
1258 3172 1336 3254 nris.
1353 3169 1458 3254 ,viijut

769 3478 814 3541 18.
859 3473 1059 3559 [caldecota]

261 3635 340 3688 [168
419 3629 480 3694 Isti
518 3639 596 3692 sunt
631 3625 734 3690 libere
771 3634 923 3690 tenentes
962 3623 1083 3689 Prioris
1120 3623 1163 3688 de
1194 3621 1397 3687 Bemewelie
1427 3623 1460 3686 in

354 3753 555 3820 Caldecote:

421 3895 483 3958 Pro
498 3891 628 3956 decima
645 3889 827 3955 molendini
842 3887 885 3952 de
902 3885 1082 3952 Caldecote
1098 3884 1139 3967 ij.
1155 3883 1287 3948 solidos.

420 3995 589 4063 Galiridus
610 3994 706 4077 Crisp
727 4001 818 4057 tenet
842 4011 942 4055 unam
964 3991 1128 4073 virgatam
1149 3996 1236 4052 terre
1252 4007 1310 4071 per
1324 3997 1464 4068 cartam,

354 4114 388 4169 et
405 4101 513 4166 reddit
529 4099 607 4164 inde
622 4120 681 4182 per
696 4117 820 4161 annum
837 4095 901 4178 ¹iiij.
918 4094 1042 4159 solidos
1058 4092 1122 4176 .iiij.
1138 4093 1302 4157 denarios

422 4209 588 4272 Robertus
624 4207 667 4270 de
705 4205 839 4269 Brunne
876 4211 969 4267 tenet
1005 4199 1176 4284 quoddam
1214 4197 1365 4262 clausum
1406 4221 1465 4283 per

355 4323 480 4378 cartam
510 4310 599 4394 [cum
630 4307 766 4390 crustis}
789 4316 823 4370 et
847 4306 955 4371 reddit
980 4305 1057 4368 inde
1080 4324 1139 4387 per
1161 4323 1287 4367 annum
1310 4302 1379 4387 .xij.
1404 4305 1464 4370 de·

355 4419 467 4484 narios
490 4417 538 4501 [et
561 4437 659 4482 unam
685 4415 801 4478 libram
825 4409 960 4494 cimini]¹
