3192 5102
125 375 184 476 v1]
406 375 604 450 Hundred
623 375 672 473 os
697 371 962 470 Whittkssord
1162 394 1180 444 2
1187 391 1206 466 5
1213 393 1232 464 5

129 562 284 628 Herueus
307 560 393 627 filius
418 562 554 646 Pagani‚
573 571 608 626 et
631 560 810 644 participes
833 561 893 656 sui,
916 567 1033 622 tenent
1056 557 1191 622 feodum
1208 558 1236 622 .i.‘

128 667 243 733 militis
267 668 311 733 de
333 670 458 734 honore
482 667 706 733 Richmondie
728 676 763 731 et
786 665 912 732 debent
935 664 964 747 .j.
988 672 1112 728 sectam
1137 665 1238 728 etde

127 771 257 836 auxilio
280 772 483 838 vicecomitis
509 771 597 838 jiiis.
644 772 690 836 Et
712 779 791 836 sunt
813 770 939 834 ibidem
962 768 1027 851 iiij.
1050 768 1128 832 hide
1151 777 1237 832 terre

127 875 321 958 geldabiles.
367 877 403 940 B.

194 979 409 1046 Badburltam
432 979 661 1065 [BabrahamJ.
708 977 878 1044 Galiridus
900 979 944 1042 de
967 976 1123 1043 Scalariis
1145 985 1238 1042 tenet

129 1084 267 1150 feodum
286 1086 416 1150 dimidii
441 1085 554 1149 militis
576 1085 619 1148 de
640 1084 766 1148 honore
787 1082 1010 1148 Richmondie
1033 1092 1066 1146 et
1089 1081 1190 1146 debet
1209 1081 1238 1163 .j.

129 1199 266 1266 sectam,
291 1199 325 1254 et
354 1191 398 1254 de
421 1189 551 1253 auxilio
576 1187 782 1252 vicecomitis
811 1189 876 1252 im.
902 1187 986 1253 .xid.
1015 1207 1073 1269 per
1103 1205 1237 1249 annum.

132 1291 263 1356 Ibidem
291 1301 384 1356 tenet
407 1290 579 1373 Johannes
606 1290 649 1354 de
673 1289 820 1356 Sauston
843 1291 909 1373 iiij.
936 1299 1065 1374 partem
1093 1289 1183 1354 Ieodi
1209 1288 1239 1370 .j.

132 1393 246 1459 militis
276 1395 319 1460 de
350 1393 450 1459 feodo
487 1395 661 1477 Hardwyii
692 1393 735 1458 de
766 1393 932 1472 Scalariis‚
962 1402 996 1458 et
1032 1393 1133 1459 debet
1168 1391 1238 1476 [de]

131 1497 262 1562 auxilio
277 1497 482 1562 vicecomitis
494 1497 560 1580 ijs.
577 1517 637 1580 per
651 1517 787 1590 annum,
796 1507 831 1562 et
846 1496 972 1562 nullam
988 1496 1089 1562 debet
1104 1505 1240 1562 sectam.

134 1601 265 1667 Ibidem
293 1611 385 1667 tenet
412 1603 575 1668 Tristram
600 1602 643 1666 de
671 1602 822 1666 FraxIno
847 1602 911 1685 iiij.
939 1611 1069 1684 partem
1097 1601 1185 1666 feodi
1212 1603 1270 1666 .i.f.
1287 1615 1355 1677 osb

133 1706 249 1772 militis
268 1707 311 1772 de
333 1706 432 1772 feodo
451 1707 584 1773 comitis
601 1707 772 1772 Wintonie
791 1707 834 1772 de
853 1707 976 1772 honore
995 1707 1038 1771 de
1054 1708 1240 1783 Fassintofi,

132 1821 168 1876 et
199 1811 300 1876 debet
329 1813 357 1877 .i.
388 1821 514 1878 sectam
544 1821 578 1876 et
613 1812 657 1877 de
686 1812 814 1878 auxilio
848 1812 1053 1878 vicecomitis
1083 1811 1150 1894 ‚ijs
1184 1831 1243 1895 per

134 1935 270 1982 annum
317 1915 364 1980 Et
389 1923 468 1980 sunt
498 1915 622 1980 ibidem
649 1915 713 1998 vij.
740 1916 818 1980 hide
844 1925 938 1993 terre,
963 1935 1105 1998 quarum
1129 1915 1182 1998 .in.
1209 1925 1243 1980 et

134 2019 275 2084 dimidia
290 2029 369 2084 sunt
389 2019 582 2102 geldabiles.
629 2019 716 2085 Clai.
762 2020 893 2084 Ibidem
913 2020 1062 2084 Thomas
1084 2021 1242 2085 Hamelin

135 2126 236 2190 debet
252 2147 346 2190 .xxs.
362 2125 406 2190 de
417 2125 520 2191 firma
558 2124 689 2191 Ibidem
707 2125 843 2189 feodum
860 2125 1018 2191 Willelmi
1037 2125 1126 2190 Pirot
1142 2126 1243 2190 debet

135 2231 213 2297 .xiii.
230 2231 384 2296 denarios
399 2233 443 2296 de
458 2231 587 2296 auxilio
601 2231 814 2295 vicecomitis.
858 2229 894 2296 Β.

202 2333 431 2418 Pampeswrth
454 2333 703 2418 [PampissordJ.
750 2333 914 2400 Radulfus
940 2334 983 2398 de
1008 2335 1129 2400 Bancis
1151 2343 1244 2400 tenet

135 2437 201 2522 iiij.
224 2447 355 2521 partem
379 2437 409 2520 .j.
435 2438 548 2503 militis
571 2438 614 2502 de
637 2437 763 2502 honore
787 2436 1011 2502 Richmondie
1036 2449 1070 2502 et
1091 2439 1192 2502 debet
1215 2440 1243 2504 .i.

137 2551 272 2619 sectam,
297 2540 398 2606 etde
422 2541 550 2605 auxilio
576 2541 780 2606 vicecomitis
804 2541 871 2623 .ij.s.
919 2539 1047 2606 Ibidem
1076 2541 1243 2606 Robertus

138 2646 258 2728 Sasrey
273 2655 307 2710 et
323 2647 512 2712 WiIleImus
536 2647 676 2710 Ferrard
697 2655 813 2711 tenent
833 2646 1008 2711 dimidiam
1028 2647 1143 2711 hidam
1159 2657 1244 2712 terre

138 2772 197 2835 per
233 2751 410 2815 seruicium
450 2751 514 2832 iiij.
552 2751 656 2836 partis
694 2750 783 2815 feodi
821 2753 849 2816 .i.
889 2752 1002 2816 militis
1039 2754 1083 2817 de
1120 2753 1245 2817 honore

141 2855 362 2921 Richmondie
385 2865 419 2920 et
443 2857 568 2921 debent
594 2877 652 2939 per
675 2875 800 2920 annum
824 2856 867 2920 de
890 2857 1022 2922 auxilio
1042 2858 1245 2921 vicecomitis

139 2958 245 3041 ,viij.d.
307 2959 438 3023 Ibidem
469 2969 547 3024 sunt
578 2959 639 3042 vij.
670 2960 749 3024 hide
778 2961 868 3025 vnde
898 2981 964 3025 vna
992 2961 1132 3025 dimidia
1167 2961 1245 3025 hida

138 3073 225 3128 terre
240 3083 341 3147 quam
363 3061 530 3128 Radulfus
552 3065 596 3129 de
611 3064 732 3130 Baucis
753 3075 787 3128 et
804 3063 992 3130 Willelmus
1008 3063 1094 3129 filius
1111 3064 1244 3130 deulfi

138 3176 173 3231 et
201 3166 369 3230 Robettus
396 3165 528 3248 Saffrey
552 3176 676 3244 tenent,
700 3167 733 3231 id
760 3178 812 3232 est
838 3168 978 3234 dimidia
1000 3168 1088 3244 hida,
1111 3179 1145 3234 et
1168 3179 1246 3234 sunt

139 3271 332 3354 geldabiles.

206 3374 351 3456 Horseye
363 3375 616 3461 [Horseheath].
663 3379 750 3443 Item
771 3379 814 3443 de
838 3379 993 3461 Horseya
1012 3379 1184 3462 Jobannes
1204 3379 1247 3446 de

142 3479 279 3546 Penfeld
310 3481 410 3546 debet
444 3481 527 3564 vid.
557 3483 600 3546 de
635 3481 729 3548 firma
764 3493 798 3548 et
828 3495 970 3568 quatuor
1005 3483 1089 3568 [de]¹
1120 3486 1247 3550 auxilio

140 3586 354 3650 vicecomitis.
401 3586 531 3651 Ibidem
563 3587 615 3650 W.
647 3587 760 3650 Minae
790 3587 890 3652 debet
920 3591 949 3652 .i.
978 3600 1104 3653 sectam
1135 3599 1170 3654 et
1204 3589 1247 3655 de

141 3689 268 3754 auxilio
290 3691 494 3756 vicecomitis
517 3688 613 3772 ,Iiij.d.

307 4028 513 4094 Hundredus
534 4031 573 4094 de
604 4029 794 4112 Witlesford
812 4031 1085 4117 [Wbittiesiord].

209 4182 359 4248 Himon
376 4183 574 4269 [Hinxton].
621 4186 684 4251 Est
700 4187 824 4252 ibidem
841 4188 975 4253 feodum
992 4190 1020 4254 .i.
1033 4189 1147 4254 militis
1163 4192 1250 4256 vnde

145 4288 268 4353 Saccus
289 4289 332 4354 de
357 4289 482 4355 Sancto
506 4289 645 4356 Andrea
665 4302 699 4356 et
719 4295 898 4377 participes
918 4295 969 4358 sui
991 4303 1105 4359 tenent
1126 4297 1250 4360 medie-

144 4401 309 4470 tetemet
328 4392 467 4458 heredes
488 4395 530 4458 de
550 4394 674 4478 Torpel
696 4397 911 4462 medietatem
932 4397 975 4462 de
994 4398 1133 4462 domino
1156 4399 1250 4484 Rege

629 4549 639 4586 ¹
655 4551 690 4611 d.,
703 4551 760 4604 IIS.
