3192 5102
148 396 224 497 vn]
597 395 813 469 Comberton
1185 411 1256 481 299

214 583 402 650 Willelmus
418 583 555 649 Godard
572 591 663 647 tenet
679 582 763 646 duas
779 599 872 644 acras
888 589 973 644 terre
989 579 1032 642 ad
1048 576 1257 642 voluntatem

151 688 283 766 Prioris,
298 697 333 753 et
347 687 458 751 reddit
472 686 551 750 inde
567 706 626 770 per
640 704 765 750 annum
782 683 823 766 .ij.
839 681 972 747 solidos.

214 792 413 858 Alexander
442 791 580 856 clericus
609 798 702 854 tenet
738 786 914 852 dimidiam
951 805 1062 850 acram
1100 794 1187 849 terre
1216 782 1259 847 ad

149 897 358 964 voluntatem
376 897 505 974 Primis,
521 906 555 962 et
578 895 688 961 reddit
704 894 781 959 inde
798 914 856 977 per
871 912 997 958 annum
1013 890 1081 974 ,xij.
1097 889 1260 954 denarios.

217 1003 353 1087 Agneta
369 1001 479 1066 Wake
491 1010 582 1066 tenet
593 998 766 1083 quoddam
778 997 928 1062 clausum
940 1003 974 1062 et
985 1015 1086 1061 vnam
1099 994 1259 1060 selionem

149 1117 238 1173 terre
266 1109 309 1172 ad
339 1107 548 1173 voluntatem
580 1104 710 1181 Primis,
740 1113 775 1168 et
804 1103 914 1167 reddit
945 1101 1023 1166 inde
1053 1121 1111 1185 per
1134 1118 1261 1164 annum

151 1212 193 1296 .ij.
217 1210 351 1276 solidos.

219 1316 348 1399 Symon
372 1312 545 1379 Bercarius
560 1321 653 1378 tenet
667 1311 752 1378 duas
768 1331 862 1376 acras
877 1319 963 1375 terre
979 1319 1013 1374 et
1027 1307 1201 1375 dimidiam
1218 1308 1261 1371 ad

152 1420 362 1484 voluntatem
391 1416 521 1493 Prioris,
545 1426 580 1480 et
603 1415 712 1480 reddit
743 1413 820 1478 inde
847 1434 906 1497 per
932 1433 1057 1478 annum
1087 1411 1262 1477 dimidiam

154 1544 310 1590 marcam.

221 1627 388 1692 chricus
408 1626 452 1689 de
473 1626 607 1690 Brunne
622 1633 713 1688 tenet
729 1623 813 1687 duas
829 1643 922 1688 acras
938 1633 1024 1688 terre
1039 1633 1073 1686 et
1088 1622 1263 1687 dimidiam

154 1753 214 1816 per
229 1739 365 1806 cartam,
380 1738 415 1793 et
435 1729 544 1794 reddit
560 1727 638 1792 inde
653 1746 854 1811 perannum
870 1725 922 1809 .iij.
938 1725 1064 1790 solidos
1080 1724 1136 1808 [ad
1152 1725 1264 1789 termi-

155 1855 236 1901 num
252 1832 344 1917 uite}
893 1831 1034 1896 Summa
1050 1827 1143 1911 .xxij.
1158 1829 1264 1893 solidi.

423 2113 476 2232 19.¹
514 2151 742 2234 [eumanum
762 2148 1004 2233 (comma

224 2302 284 2368 Isti
300 2312 378 2366 sunt
393 2301 494 2366 libere
510 2311 662 2367 tenentes
675 2301 796 2368 Prioris
808 2304 851 2368 de
866 2303 1069 2368 Berneweile
1081 2302 1113 2366 in
1130 2300 1209 2367 villa
1223 2301 1266 2365 de

158 2425 403 2490 Cumbertone:

224 2571 391 2636 Dominus
412 2569 582 2637 Galfridus
598 2572 640 2637 de
659 2571 827 2656 Burdeley
842 2582 934 2638 tenet
949 2593 1051 2638 vnum
1068 2572 1217 2638 clausum
1233 2580 1267 2636 et

158 2678 268 2742 reddit
282 2677 361 2741 inde
376 2696 576 2759 perannum
592 2677 720 2760 ⁸xxviij.
737 2678 898 2742 denarios.

224 2779 411 2845 Willelmus
428 2781 459 2844 le
475 2781 643 2863 Franceys
655 2791 747 2846 tenet
760 2802 881 2846 nouem
899 2803 992 2847 acras
1008 2792 1093 2848 terre
1109 2791 1143 2846 et
1158 2780 1267 2846 reddit

226 2987 336 3052 Alicia
361 2987 429 3051 filia
454 2987 609 3052 Nicholai
635 2989 678 3052 ad
703 2987 889 3052 Ecclesiam
912 2998 1004 3053 tenet
1027 3008 1127 3053 vnam
1151 2987 1267 3052 rodam

159 3103 245 3157 terre
267 3103 302 3156 et
324 3091 434 3157 reddit
457 3092 536 3156 inde
558 3111 617 3174 per
639 3112 765 3157 annum
790 3092 840 3176 .vj.
864 3092 1026 3158 denarios.
1282 3091 1298 3140 s·
1316 3091 1384 3142 ¹⁶8b

224 3197 396 3279 johannes
418 3195 573 3279 Lambyn
596 3207 689 3263 tenet
703 3218 806 3262 vnum
829 3197 979 3263 clausum
1002 3207 1036 3263 ct
1060 3198 1169 3264 reddit
1191 3197 1268 3263 inde

162 3322 219 3386 per
241 3319 366 3364 annum
390 3298 459 3382 nrij.
482 3299 646 3364 denarios.

227 3405 427 3469 Lambertus
450 3403 481 3467 le
505 3404 657 3487 Coupere
681 3415 773 3470 tenet
796 3427 897 3472 vnum
921 3407 1081 3485 clausum,
1103 3416 1137 3472 et
1160 3407 1269 3472 reddit

161 3510 240 3574 inde
261 3529 321 3592 per
342 3528 468 3573 annum
492 3507 573 3590 aiij.
596 3507 758 3573 denarios.

227 3615 394 3680 Dominus
416 3614 557 3678 vicarius
580 3623 673 3678 tenet
695 3633 797 3678 vnum
821 3613 980 3692 clausum,
1003 3625 1037 3680 et
1059 3616 1170 3682 reddit
1192 3617 1270 3682 inde

162 3741 220 3805 per
242 3739 368 3784 annum
392 3718 619 3804 receptoribus
641 3717 670 3801 .j.
694 3740 850 3785 marcam.

226 3823 398 3907 Johannes
417 3824 461 3888 ad
484 3823 670 3888 Ecclesiam
692 3831 785 3887 tenet
804 3823 979 3888 dimidiam
996 3826 1159 3909 virgatam
1176 3835 1270 3902 terre,

161 3941 196 3994 et
212 3929 320 3994 reddit
337 3927 414 3991 inde
429 3949 488 4011 per
503 3948 628 3991 annum
646 3925 697 4010 .vj.
713 3925 838 3990 solidos
854 3940 887 3992 et
903 3929 952 4012 .vj.
969 3929 1130 3995 denarios.

228 4033 399 4116 Johannes
416 4033 528 4116 Roger
544 4043 636 4097 tenet
648 4052 748 4096 vnam
765 4053 874 4096 acram
891 4043 925 4098 et
941 4033 1116 4100 dimidiam
1132 4046 1227 4112 terre,
1238 4048 1272 4100 et

166 4138 274 4203 reddit
304 4139 383 4202 inde
407 4158 466 4220 per
493 4157 619 4201 annum
649 4137 702 4220 .iij.
734 4137 869 4215 solidos,
898 4148 933 4202 et
957 4159 1057 4203 vnam
1090 4141 1271 4224 precariam

166 4245 198 4308 in
222 4252 409 4326 autumpno
431 4241 474 4307 de
496 4243 628 4306 duobus
650 4241 843 4306 hominibus
867 4243 909 4308 ad
941 4242 1052 4308 cibum
1076 4246 1213 4321 domini,
1239 4256 1273 4312 et

165 4350 250 4413 duos
272 4367 418 4431 capones
441 4347 484 4411 ad
510 4347 632 4412 Natale
656 4347 802 4410 Domini.

232 4449 438 4534 Reginaidus
476 4452 568 4534 Pope
605 4460 697 4515 tenet
734 4471 836 4514 vnum
875 4449 1023 4515 clausum
1060 4474 1137 4518 cum
1168 4455 1274 4520 crofta
