3222 5086
160 345 224 446 111]
479 345 581 420 Mill
601 347 765 448 ossolm
794 348 827 420 le
858 346 941 420 Rus
1197 352 1262 420 161

158 535 385 619 tringendum,
396 544 431 600 et
446 536 488 600 ad
506 534 685 600 leuandum
702 536 869 600 redditum
887 536 1072 619 predictum
1089 536 1132 599 de
1147 535 1266 599 eodem

161 639 355 704 molendino
381 641 542 723 quamdiu
570 639 743 716 sufficeret,
767 648 809 716 et,
833 640 860 702 si
888 659 953 703 non
980 631 1153 718 sufficeret,
1176 639 1266 723 quod

162 743 255 807 Prior
274 750 388 825 posset
408 742 606 826 distringere
627 763 703 807 eum
720 765 779 826 per
793 743 908 807 omnia
923 753 1115 807 tenementa
1130 764 1190 807 sua
1206 754 1267 808 etc.

162 847 208 912 Et
233 848 261 910 si
288 846 402 912 dolum
427 848 549 911 faceret
572 848 625 913 uel
650 846 927 930 impedimentum
951 868 1019 930 quo
1043 848 1135 910 Prior
1158 847 1267 910 minus

161 960 276 1034 posset
307 961 367 1015 etc.
399 973 443 1015 ex
471 963 551 1016 tunc
578 953 735 1016 retineret
763 951 855 1015 Prior
881 951 1009 1016 dictum
1037 951 1265 1016 molendinum

159 1066 321 1138 tanquam
347 1054 481 1120 feodum
505 1067 539 1120 et
562 1055 766 1121 dominicum
791 1077 887 1120 suum
912 1056 1145 1140 inperpetuum
1168 1068 1229 1121 etc.

228 1161 397 1225 Defuncto
417 1162 570 1245 Johanne
591 1164 750 1228 successit
765 1163 795 1226 ei
813 1162 917 1245 Hugo
933 1162 963 1226 le
980 1163 1052 1226 Rus
1069 1184 1172 1246 nepos
1188 1163 1267 1228 eius.
1282 1165 1420 1258 {lgm

161 1267 208 1332 Et
224 1267 341 1331 uidens
358 1268 585 1332 molendinum
603 1269 773 1332 ruinosum
790 1279 823 1332 et
840 1289 964 1351 magno
980 1266 1123 1331 redditui
1140 1267 1267 1351 obliga·
1282 1265 1424 1359 'ggffie

158 1381 242 1448 tum,
268 1373 451 1437 eradicauit
481 1382 590 1437 totum
622 1383 656 1436 et
686 1373 871 1456 asportauit
901 1393 977 1436 cum
1010 1372 1107 1436 molis
1133 1382 1167 1436 et
1195 1381 1269 1436 rota
1282 1366 1387 1461 ffigiffi,

159 1499 266 1561 usque
301 1478 342 1541 ad
379 1479 565 1562 hospicium
597 1478 724 1542 domini
759 1477 923 1542 Guidonis
959 1477 1095 1541 rectoris
1129 1476 1268 1541 ecclesie
1282 1467 1434 1561 ssffssssss¹2⁸²

159 1582 203 1644 de
225 1581 445 1665 Kingestone,
465 1593 500 1646 et
520 1605 564 1646 ex
585 1603 626 1646 eo
646 1594 797 1665 tempore
819 1582 964 1665 perdidit
986 1583 1078 1646 Prior
1099 1581 1265 1646 redditum
1281 1567 1380 1661 ᾗξζξῗί*

159 1707 266 1750 suurn.
315 1688 416 1752 Vnde
446 1689 478 1752 in
511 1689 627 1753 itinere
655 1689 912 1771 justiciariorum
944 1689 1136 1772 impetrauit
1167 1688 1268 1752 breue

159 1811 247 1855 noue
270 1790 443 1858 disseisine
466 1813 566 1877 super
588 1803 666 1871 etc.;
696 1803 730 1857 et
753 1802 804 1857 est
827 1793 1025 1857 inrotulacio
1047 1792 1132 1856 talis

551 1933 600 1996 86.
645 1931 865 1996 Inrotulaciot

214 2049 313 2104 Assisa
325 2051 403 2108 uenit
416 2051 593 2121 recognitura
605 2053 629 2106 si
644 2053 730 2121 Hugo
743 2053 769 2107 le
783 2053 843 2106 Rus
856 2063 883 2106 et
897 2051 1001 2120 Guydo
1013 2053 1049 2108 de
1065 2053 1179 2107 Mortuo
1193 2053 1267 2107 Mari
1281 2045 1436 2141 fftfffigssf

159 2137 263 2193 iniuste
279 2149 331 2195 etc.
345 2140 559 2196 disseisiuerunt
577 2141 702 2196 Priorem
720 2141 756 2195 de
774 2141 943 2196 Bemewelle
956 2141 991 2194 de
1004 2141 1093 2196 libero
1106 2152 1268 2196 tenemento
1282 2147 1354 2190 novet
1364 2147 1415 2189 dia-

160 2243 212 2281 suo
232 2227 260 2281 in
281 2228 462 2299 Cantebrigia
480 2239 545 2300 post
563 2230 684 2301 primam
701 2241 754 2285 etc.
773 2243 800 2284 et
817 2231 893 2285 vnde
909 2231 1034 2301 queritur
1050 2231 1128 2299 quod
1145 2229 1267 2285 disseisi·
1282 2197 1406 2291 &iiiii

160 2326 262 2370 uerunt
274 2333 339 2371 enm
353 2317 389 2371 de
401 2317 508 2371 .xxviii.
523 2317 621 2372 solidis
634 2329 660 2372 et
670 2319 722 2371 .xi.
734 2316 857 2388 denarijs
871 2318 995 2372 redditus
1009 2335 1073 2373 cum
1087 2317 1268 2388 pertinencijs
1281 2299 1419 2392 ξιξᾌξῗζζ

160 2404 209 2474 qui
234 2405 381 2474 prouenire
406 2407 536 2462 solebant
560 2407 596 2462 de
620 2407 745 2478 quodam
769 2406 932 2461 molendino
957 2405 994 2459 ad
1018 2423 1106 2476 equos
1131 2415 1184 2460 etc.
1230 2407 1268 2461 Et
1281 2399 1415 2492 ξξξξῃξω

160 2491 304 2562 predictus
328 2495 413 2562 Hugo
435 2509 492 2547 non
514 2493 599 2561 uenit,
620 2494 669 2548 sed
689 2493 832 2564 predictus
852 2492 947 2548 Guido
967 2493 1052 2561 uenit,
1073 2503 1100 2548 et
1122 2494 1267 2564 respondit
1281 2511 1375 2551 wrone.

160 2597 212 2650 pro
233 2597 263 2636 se
281 2591 310 2636 et
328 2598 379 2651 pro
397 2581 524 2651 predicto
544 2584 667 2651 Hugone
685 2593 822 2653 tanquam
839 2582 899 2637 eius
916 2582 1037 2637 balliuus
1059 2593 1087 2638 et
1105 2581 1173 2636 dicit
1191 2582 1268 2654 quod

160 2668 214 2740 ipsi
234 2669 341 2724 nullam
358 2670 490 2725 iniuriam
508 2667 569 2742 [aut
587 2668 780 2742 disseisinam]
798 2671 931 2726 fecerunt.
986 2669 1078 2725 Dicit¹
1096 2669 1173 2724 enim
1191 2669 1268 2740 quod

161 2758 238 2814 idem
256 2758 334 2813 Prior
352 2760 381 2813 in
400 2759 592 2815 districtione³
609 2757 764 2831 [facienda]
780 2759 854 2830 cepit
871 2759 965 2814 hostia
979 2757 1096 2829 predicti
1112 2757 1268 2813 molendini

160 2856 189 2901 et
201 2845 296 2919 [alia]⁴
308 2848 472 2918 asportauit,
481 2858 508 2904 et
519 2848 588 2903 illud
597 2846 791 2902 molendinum
801 2857 929 2918 apertum
940 2856 968 2902 et
978 2846 1039 2902 sine
1052 2847 1182 2902 custodia
1194 2857 1269 2902 stare

161 2935 296 3007 permisit,
306 2953 356 3007 per
365 2937 441 3008 quod
451 2938 566 3009 quidam
575 2937 669 2992 clerici
678 2934 869 2991 uniuersitatis
881 2935 1061 3005 Cantebrigie
1075 2935 1268 2990 molendinum

162 3023 321 3094 predictum
346 3035 374 3080 et
394 3023 561 3080 meremium
581 3034 794 3095 prostrauerunt
814 3034 842 3078 et
862 3033 1085 3094 asportauerunt,
1107 3022 1180 3077 vnde
1200 3022 1269 3078 dicit

162 3110 240 3180 quod
269 3127 320 3180 per
347 3111 440 3181 ipsum
466 3110 592 3166 Priorem
616 3111 693 3165 stetit
716 3110 794 3182 quod
818 3110 975 3180 predictum
1000 3109 1193 3164 molendinum
1218 3110 1270 3165 suit

162 3198 309 3252 ruinosum
332 3205 361 3251 et
386 3213 444 3251 non
465 3213 516 3267 per
538 3196 622 3268 ipsos
661 3198 699 3252 Et
722 3207 851 3268 preterea
874 3196 1041 3267 dicitquod
1065 3196 1144 3252 Prior
1168 3197 1270 3252 iniuste

163 3286 226 3340 tulit
251 3301 379 3354 assysam
403 3285 496 3354 istam,
517 3287 584 3358 quia
607 3285 677 3341 dicit
701 3285 777 3357 quod
800 3284 932 3341 undecim
957 3302 1021 3341 acre
1046 3295 1127 3340 terre¹
1142 3284 1271 3340 arrabilis

164 3375 290 3429 iacentes
303 3375 332 3428 in
344 3373 453 3444 campis
467 3374 647 3445 Cantebrigie
660 3385 789 3430 tenentur
802 3385 830 3429 et
842 3374 1003 3443 obligantur
1016 3375 1052 3428 ad
1065 3373 1271 3429 districtionem

163 3463 253 3535 ipsius
278 3463 383 3518 Prioris
406 3481 458 3534 pro
482 3462 610 3534 predicto
635 3463 754 3531 redditu,
777 3463 800 3519 si
825 3481 843 3518 a
868 3473 942 3518 retro
967 3461 1055 3517 luerit.
1095 3463 1133 3518 Et
1157 3463 1193 3518 de
1217 3463 1271 3516 hoc

164 3551 260 3622 ponit⁶
278 3569 309 3607 se
328 3569 412 3622 super
431 3569 559 3620 assysam
578 3561 629 3605 etc.

405 3678 455 3755 87.
494 3675 669 3760 juratores
690 3674 729 3738 de
752 3675 891 3756 Hugone
912 3672 940 3736 le
962 3673 1043 3737 Rus.
1287 3680 1304 3730 s.
1318 3678 1350 3731 60

218 3805 362 3873 Juratores
379 3803 476 3859 dicunt
494 3819 578 3872 super
590 3813 799 3858 sacramentum
813 3819 894 3857 suum
907 3802 983 3873 quod
996 3801 1153 3873 predictum
1167 3802 1272 3856 molen·
1287 3757 1422 3853 erppptotsn

165 3891 263 3946 dinum
285 3902 314 3946 et
336 3889 464 3946 similiter
485 3891 611 3962 predicte
630 3889 761 3945 undecim
783 3907 848 3946 acre
870 3901 942 3945 terre
962 3890 1087 3960 obligata
1107 3891 1217 3946 suerunt
1237 3890 1274 3944 ad
1287 3857 1417 3903 ‘mm'

165 3980 370 4035 districtionem
389 3978 507 4049 predicti
529 3979 632 4033 Prioris
650 3989 679 4034 et
697 3980 815 4034 ecclesie
834 3995 885 4033 sue
903 3978 939 4033 de
958 3979 1129 4034 Bemewelle
1146 3996 1196 4050 pro
1213 3996 1274 4049 pre·

165 4067 242 4123 dicto
257 4064 416 4139 [redditu]⁰.
452 4068 491 4122 Et
508 4068 605 4123 dicunt
617 4068 694 4139 qnod
712 4067 970 4139 quocienscumque
989 4067 1131 4138 predictus
1148 4068 1275 4124 redditus

166 4173 184 4210 a
200 4167 274 4212 retro
291 4156 351 4224 ruit,
364 4156 505 4211 distrinxit
522 4157 598 4212 idern
618 4157 697 4212 Prior
713 4157 742 4212 in
759 4156 886 4228 predicto
902 4156 1075 4224 molendino,
1088 4167 1117 4212 et
1129 4173 1275 4227 nunquam

216 4267 225 4299 ¹
243 4269 329 4320 Assize
347 4268 414 4326 Roll,
430 4269 481 4318 No.
499 4271 540 4330 88,
555 4271 660 4320 membr.
677 4287 716 4330 π,
733 4271 810 4321 dorso.
852 4270 951 4336 Trinity
966 4271 1051 4330 Term,
1072 4269 1141 4322 1286.
1183 4271 1275 4320 Words

166 4351 229 4401 from
241 4352 284 4402 the
298 4351 357 4402 Roll
368 4351 432 4400 have
444 4351 509 4400 been
521 4352 638 4402 included
650 4352 676 4402 in
687 4367 777 4417 square
788 4353 912 4404 brackets.

213 4433 223 4464 ¹
240 4435 335 4496 dicunt,
350 4433 417 4492 MS..
429 4435 488 4485 here
500 4435 551 4485 and
562 4435 653 4485 below.
755 4433 766 4467 ³
782 4437 848 4488 sacta
859 4453 906 4504 pro
917 4437 1031 4504 predicto
1042 4438 1149 4494 redditu.
1164 4439 1223 4490 MS.

214 4515 225 4548 ⁴
240 4519 292 4578 illa,
306 4520 364 4570 MS.
560 4517 573 4550 ⁸
589 4527 695 4586 ponunt,
710 4519 768 4571 MS.
956 4518 968 4552 ⁸
983 4519 1138 4581 molendino,
1153 4521 1210 4573 MS.

247 4619 274 4663 C·
1170 4625 1203 4664 11
