3192 5102
162 347 218 448 ιν]
301 351 378 424 The
396 353 497 448 good
517 355 622 427 deeris
648 356 695 453 of
713 356 854 430 [robert
877 355 920 430 de
946 357 1138 430 Fulbourn
1194 380 1263 450 223

159 549 311 622 tempore
332 539 508 623 Laurencij
532 541 660 617 Prioris,
675 542 844 606 dedicauit
866 542 1028 626 capellam
1045 543 1144 608 beate
1160 543 1266 608 Marie
1278 551 1420 654 2323:ss

159 643 193 705 in
215 641 340 708 honore
360 644 509 708 eiusdem
534 645 677 728 gloriose
695 647 748 711 dei
769 647 937 730 genitricis
957 657 992 711 et
1007 647 1142 730 virginis
1159 648 1265 712 Marie
1280 662 1336 704 ¹²²⁹·
1422 631 1429 652 ’

158 757 192 811 et
214 748 330 814 Sancti
355 751 526 816 Edmundi
550 753 636 834 regis
658 760 692 816 et
714 753 865 828 martiris
880 763 914 817 et
936 754 1100 816 concessit
1122 753 1177 816 .xl.
1193 753 1264 818 dies
1279 753 1295 802 f·
1308 753 1364 815 851>

158 854 376 937 indulgencie.
423 857 470 920 Et
494 856 568 921 ideo
595 858 733 940 singulis
759 859 855 923 annis
881 859 935 922 die
966 859 1090 924 Sancte
1119 857 1265 941 Agnetis

157 957 343 1024 celebratur
363 962 463 1026 missa
489 963 531 1026 de
553 963 777 1040 dedicacione,
796 975 830 1029 et
853 963 908 1028 die
931 965 1046 1030 Sancti
1071 963 1264 1028 Eadmundi

158 1064 244 1145 regis
267 1065 368 1129 missa
390 1067 434 1130 de
456 1067 573 1132 eodem
600 1078 743 1152 martyre
767 1070 799 1131 in
823 1068 940 1133 eadem
964 1069 1100 1152 capella.

341 1375 390 1436 29.
435 1357 487 1422 De
508 1357 666 1442 magistro
688 1359 825 1423 Roberto
847 1359 886 1423 de
906 1359 1078 1424 Fulburne.

225 1510 287 1574 Per
309 1531 435 1574 annum
462 1512 627 1593 integrum
653 1522 687 1574 et
713 1524 780 1575 tres
808 1532 939 1576 menses
966 1524 1045 1577 ante
1072 1514 1261 1578 incendium
1276 1521 1420 1615 2233}

156 1614 295 1678 ecclesie
311 1625 423 1679 nostre
442 1615 527 1698 obijt
544 1615 703 1697 magister
720 1616 888 1680 Robertus
909 1618 951 1680 de
974 1617 1152 1692 Fulbume‚
1168 1617 1262 1680 cuius
1278 1623 1408 1716 ,lsslffl‘

157 1720 268 1782 anime
291 1719 374 1783 deus
396 1719 610 1804 omnipotens
634 1721 837 1796 misereatur,
861 1732 895 1784 et
918 1721 976 1784 det
998 1723 1027 1784 ei
1053 1722 1199 1804 requiem
1229 1723 1260 1784 in

156 1822 283 1888 lumine
309 1824 506 1889 uiuencium.
553 1825 776 1908 Temporibus
804 1827 926 1889 nostris
953 1847 1019 1890 non
1048 1826 1109 1890 luit
1136 1827 1263 1890 amicus

157 1927 312 1992 inuentus
328 1927 444 1993 similis
461 1928 516 2004 illi,
532 1929 588 2011 qui
604 1939 655 1992 tot
671 1938 705 1993 et
721 1939 816 1993 tanta
831 1930 920 1993 bona
935 1930 1113 1994 contulerit
1124 1932 1262 1995 ecclesie

157 2044 276 2098 nostre.
339 2033 474 2098 Viuenti
511 2032 647 2117 quidem
684 2033 865 2117 aliquando
896 2036 1094 2099 tenebamur
1124 2037 1156 2098 in
1188 2056 1261 2100 .ccc.

157 2139 275 2202 marcis
298 2160 381 2222 quas
405 2125 501 2203 nobis
524 2147 640 2202 mutuo
663 2139 802 2203 tradidit
822 2150 857 2204 et
877 2141 909 2203 in
935 2142 1124 2223 potenciam
1149 2151 1263 2204 nostre

155 2244 334 2308 solucionis
357 2244 525 2326 pacienter
547 2243 714 2308 sustinuit.
761 2243 907 2307 Multum
928 2245 1063 2327 quidem
1087 2245 1262 2308 beniuolus

155 2350 251 2413 nobis
288 2351 412 2424 extitit,
445 2359 479 2412 et
512 2348 575 2413 hoc
614 2349 646 2412 in
686 2359 793 2412 morte
830 2371 890 2414 sua
921 2361 1075 2433 patenter
1103 2351 1259 2415 ostendit.

157 2455 322 2518 Habitum
339 2454 475 2538 quidem
493 2464 643 2519 nostrum
665 2455 834 2519 humiliter
851 2455 961 2538 pecijt,
979 2465 1013 2519 et
1035 2457 1128 2520 Prior
1148 2466 1262 2521 noster

155 2560 285 2642 Symon
322 2561 430 2642 ipsum
467 2559 499 2623 in
536 2559 639 2622 domo
674 2581 734 2623 sua
770 2562 903 2643 propria
939 2562 1017 2625 inde
1048 2563 1191 2639 uestiuit‚
1222 2583 1260 2625 ac

153 2668 320 2749 deinceps,
344 2686 448 2747 usque
471 2664 513 2728 ad
537 2663 665 2727 obitum
689 2685 796 2740 suum,
818 2665 997 2728 canonicus
1019 2666 1156 2749 quidam
1184 2689 1259 2730 cum

153 2794 194 2836 eo
206 2773 397 2855 permansit.
445 2769 597 2834 Mortuus
607 2791 741 2853 quoque
750 2770 881 2833 delatus
894 2781 943 2834 est
956 2773 1044 2854 apud
1059 2772 1261 2836 Bemewelle

153 2898 229 2942 cum
261 2877 387 2940 honore
418 2894 541 2957 magno
568 2885 602 2938 et
632 2875 665 2937 in
696 2874 834 2939 ecclesia
864 2897 975 2939 coram
1008 2877 1112 2940 altare
1144 2878 1259 2942 Sancti

154 2983 336 3065 Augustini
353 2982 414 3045 sub
431 2981 543 3063 lapide
564 3001 751 3044 marmoreo
771 2981 929 3064 sepultus.
976 2981 1069 3064 Quot
1088 2983 1178 3047 bona
1201 3007 1261 3067 per
1320 3063 1325 3072 Ι

153 3108 230 3152 eum
241 3087 377 3151 ecclesie
388 3095 500 3148 nostre
513 3094 742 3148 remanserunt
754 3087 868 3169 paucis
880 3087 1089 3150 sermonibus
1099 3089 1259 3172 explicari

154 3213 219 3256 non
231 3202 379 3276 possunt.
425 3191 503 3254 Duo
513 3189 648 3273 quidem
659 3190 821 3274 palefridi,
831 3193 887 3274 qui
900 3212 1020 3276 corpus
1033 3203 1260 3276 portauerunt,

154 3307 394 3371 remanserunt,
417 3295 500 3358 disci
523 3304 557 3358 et
582 3294 671 3378 ciphi
696 3295 800 3371 multi,
832 3296 989 3359 librorum
1021 3298 1118 3381 copia
1145 3299 1259 3364 multa.

153 3402 244 3486 Quid
261 3399 378 3484 plura?
424 3399 472 3462 Vt
488 3398 633 3462 breuiter
649 3397 773 3483 loquar,
789 3409 898 3464 totum
911 3400 1072 3476 debitum,
1089 3403 1121 3466 in
1141 3424 1208 3487 quo
1229 3407 1259 3471 ei

153 3507 358 3580 tenebamur,
388 3503 485 3567 nobis
513 3503 688 3566 dimissum
719 3514 780 3579 est,
811 3515 844 3568 et
871 3503 1037 3588 obligacio
1066 3507 1259 3588 cancellata,

152 3612 240 3677 vnde
262 3613 406 3676 creditur
426 3610 516 3692 quod
539 3619 615 3692 post
639 3617 781 3672 mortem
802 3611 873 3673 eius
894 3610 1033 3694 singulis
1055 3617 1258 3697 computatis

153 3739 258 3801 usque
269 3719 312 3781 ad
325 3735 491 3780 summam
508 3715 766 3798 quingentarum
784 3735 969 3780 marcarum
985 3717 1139 3784 debonis
1155 3721 1258 3804 ipsius

152 3823 298 3888 defuncti
316 3823 464 3907 respexit
479 3822 562 3885 deus
578 3821 751 3884 ecclesiam
769 3829 935 3900 nostram;
958 3821 1016 3886 sed
1032 3823 1176 3905 qualiter
1193 3827 1258 3891 ista

153 3929 293 4013 pecunia
327 3928 394 3992 cito
429 3927 491 3990 luit
526 3925 693 3990 exhausta
722 3929 804 3990 deus
835 3927 937 3992 nouit.
984 3929 1137 3994 Preterea
1167 3932 1253 3996 idern
1271 3953 1410 4006 suanos

1269 4015 1284 4045 Ι
1293 4011 1377 4046 Sione-

152 4036 310 4118 magister
321 4034 489 4097 Robertus
498 4031 593 4096 dedit
602 4032 699 4096 nobis
709 4031 848 4096 domum
856 4031 1038 4116 lapideam¹
1048 4056 1092 4099 ex
1099 4037 1256 4119 opposito
1268 4053 1380 4156 gapt-'gne

150 4140 288 4204 ecclesie
315 4137 430 4205 Sancti
459 4136 633 4220 Sepulchri
662 4137 885 4220 Cantebrigie,
907 4149 943 4201 vt
968 4159 1028 4220 pro
1051 4160 1092 4203 eo
1116 4139 1252 4222 quidam
1268 4153 1394 4246 &geph-

150 4244 328 4310 canonicus
355 4241 536 4305 celebraret
559 4241 802 4324 inperpetuum.
848 4242 1063 4326 Quapropter
1084 4245 1126 4307 ad
1151 4243 1255 4308 altare
1267 4253 1406 4352 glfflgll

556 4391 564 4426 ¹
581 4392 716 4462 lapideum.
729 4393 785 4446 MS.
