3192 5102
343 399 413 472 268
584 395 782 470 Hundred
802 398 852 495 os
870 398 1155 497 Leightonstone
1333 396 1449 496 [soor

223 599 239 647 s.
256 600 325 664 ¹53b
403 581 973 670 Lextone[LeightonBromswold].
1005 585 1449 650 ArchidiaconusdeWeile

336 695 430 751 tenet
450 687 493 751 de
513 687 661 771 capitulo
678 688 915 768 Lincolniensi,
931 698 965 753 et
981 710 1048 754 non
1070 689 1171 753 debet
1189 697 1318 753 sectam
1340 708 1450 771 neque

336 791 510 857 auxilium.

402 896 580 960 Bramtone
593 895 816 981 [Brampton].
863 899 985 965 Comes
1003 898 1259 981 Huntyndonie

402 1001 594 1066 Alcumbm'
607 999 835 1086 [Alconbury]

413 1100 779 1186 Westone[Aiconbury
790 1103 945 1188 Weston]
978 1105 985 1118 ‘

338 1217 429 1272 tenet
446 1208 631 1271 manerium
644 1207 687 1271 de
699 1208 833 1273 Comite
843 1209 998 1290 Johanne
1014 1229 1072 1291 per
1087 1208 1264 1272 servicium
1281 1207 1310 1289 .j.
1324 1207 1448 1270 militis.

340 1311 468 1376 Ibidem
487 1312 579 1375 Prior
593 1313 636 1375 de
657 1310 872 1395 Huntyndon
893 1320 986 1376 tenet
1001 1311 1030 1395 .j.
1046 1312 1160 1376 hidam
1176 1320 1264 1376 terre
1283 1311 1327 1375 de
1348 1309 1448 1374 feodo

338 1415 495 1491 Luuetot,
503 1424 537 1480 et
553 1415 655 1479 debet
669 1415 712 1479 de
728 1415 855 1479 auxilio
871 1416 1076 1481 vicecomitis
1088 1415 1207 1498 .xvjd„
1216 1425 1251 1480 et
1265 1435 1333 1479 non
1346 1415 1448 1479 debet

336 1528 473 1597 sectam,
488 1529 522 1584 et
536 1518 629 1585 dicta
643 1519 724 1583 hida
738 1529 789 1582 cst
805 1517 989 1600 geldabilis.

411 1623 518 1688 Wluel
545 1623 737 1707 [Woolley].
794 1622 951 1688 Oliuerus
983 1623 1089 1688 Malse
1124 1633 1217 1688 tenet
1249 1621 1385 1686 feodum
1418 1620 1447 1703 .j.

337 1731 451 1794 militis
476 1731 518 1794 de
542 1729 675 1796 Comite
700 1729 888 1804 Glouemie,
911 1737 945 1793 et
968 1749 1035 1793 non
1060 1729 1160 1793 debet
1184 1737 1311 1792 sectam
1337 1746 1448 1810 neque

336 1834 510 1911 auxilium,
533 1845 567 1898 et
592 1844 669 1898 sunt
693 1834 817 1897 ibidem
840 1833 881 1916 .ij.
905 1833 984 1897 hide
1005 1831 1197 1915 geldabiles.

411 1936 530 2019 thone
544 1936 702 2021 [Upton].
750 1937 913 2002 Ricardus
928 1937 971 2000 de
988 1936 1143 2001 Beneuili
1157 1945 1250 2000 tenet
1267 1935 1404 2000 feodum
1416 1934 1447 2016 .j.

337 2043 452 2106 militis
467 2042 510 2107 de
526 2043 658 2107 Comite
675 2042 812 2117 Cestrie,
826 2051 861 2106 et
876 2041 978 2106 debet
998 2042 1027 2124 .j.
1048 2053 1185 2119 sectam,
1199 2051 1234 2106 et
1255 2041 1299 2105 de
1318 2041 1446 2106 auxilio

336 2145 541 2210 vicecomitis
562 2145 627 2229 .ij.s.
643 2156 680 2208 vt
695 2145 810 2209 villata
832 2146 922 2210 dicit.
969 2147 1137 2212 Robertus
1153 2146 1195 2210 de
1210 2146 1328 2229 thoh
1344 2145 1445 2210 debet

336 2261 471 2328 sectam,
487 2261 521 2314 et
542 2250 586 2314 de
607 2251 735 2315 auxilio
755 2251 960 2315 vicecomitis
979 2252 1055 2333 .ij.s.,
1071 2262 1105 2315 et
1126 2251 1227 2316 debet
1247 2253 1445 2335 pontagium

336 2353 398 2438 [et]
413 2375 584 2436 warpenes
600 2355 689 2438 quod
707 2355 828 2418 iniuste
844 2355 1059 2418 detinuerunt
1065 2378 1072 2432 ;
1095 2365 1129 2419 et
1145 2364 1224 2418 sunt
1239 2355 1366 2418 ibidem
1379 2355 1445 2438 iiij.

336 2459 413 2522 hide
429 2458 623 2540 geldabiles

403 2562 623 2644 Copmanford
648 2560 919 2647 [Coppingsord].
980 2563 1109 2644 Symon
1141 2564 1319 2628 Costentin
1351 2573 1445 2628 tenet

336 2667 470 2730 feodum
487 2665 515 2748 .j.
532 2665 646 2730 militis
667 2667 710 2729 de
732 2667 865 2731 Comite
886 2667 1022 2744 Cestrie,
1039 2679 1072 2731 et
1092 2667 1194 2732 debet
1213 2669 1243 2750 .j.
1259 2677 1396 2746 sectam,
1410 2677 1446 2733 et

336 2774 378 2836 de
408 2771 535 2835 auxilio
564 2771 769 2834 vicecomitis
800 2771 887 2854 .vij.s.
934 2773 980 2836 Et
1009 2783 1088 2836 sunt
1119 2772 1242 2836 ibidem
1273 2771 1340 2854 iiij.
1366 2771 1445 2836 hide

335 2873 528 2960 geldabiles.

404 2980 568 3063 Giddinge
582 2979 612 3042 A
618 2979 723 3044 bbatis
738 2978 889 3065 [Steeple
906 2980 1078 3065 Gidding].
1123 2981 1242 3047 Abbas
1261 2983 1304 3046 de
1320 2982 1444 3047 Rame-

335 3107 415 3167 seye
431 3106 497 3148 non
514 3085 615 3148 debet
629 3095 755 3149 sectam
779 3107 885 3169 neque
906 3087 1079 3151 auxilium.
1126 3087 1256 3152 Ibidem
1281 3089 1444 3152 Ricardus

335 3190 378 3254 de
401 3189 551 3271 Gidding
573 3188 673 3252 debet
696 3189 727 3271 .j.
751 3199 887 3266 sectam,
907 3201 941 3256 et
964 3191 1007 3255 de
1029 3191 1158 3256 auxilio
1180 3193 1386 3257 vicecomitis
1405 3215 1444 3258 .v.

335 3295 497 3359 denarios.
543 3294 674 3358 Ibidem
695 3295 866 3378 Johannes
887 3297 918 3360 le
940 3297 1012 3379 Eyr
1031 3297 1133 3361 debet
1148 3297 1177 3380 .j.
1194 3307 1330 3376 sectam,
1346 3309 1380 3362 et
1400 3298 1443 3362 de

335 3400 462 3464 auxilio
479 3400 682 3464 vicecomitis
697 3399 790 3482 .iij.d„
805 3411 840 3464 et
854 3409 934 3484 sunt
949 3401 994 3464 ibi
1010 3401 1076 3483 iiij.
1090 3401 1168 3465 hide
1183 3400 1223 3484 ij.
1240 3400 1431 3484 geldabiles

404 3503 568 3586 Giddinge
588 3503 728 3585 Eraeayn
753 3503 872 3587 [Little
899 3503 1070 3589 Gidding].
1116 3504 1282 3570 Radulfus
1306 3507 1349 3571 de
1374 3507 1442 3570 En·

336 3629 447 3693 gayne
468 3619 560 3674 tenet
575 3607 639 3689 iiij.
656 3619 786 3691 partem
803 3608 831 3690 .j.
848 3608 962 3672 militis
983 3609 1026 3673 de
1046 3609 1185 3674 domino
1202 3610 1305 3692 Rege,
1319 3620 1354 3675 et
1375 3631 1441 3676 non

336 3712 436 3777 debet
451 3723 577 3777 sectam
594 3732 702 3795 neque
717 3713 891 3789 auxilium,
908 3724 941 3777 et
957 3723 1007 3777 est
1023 3714 1051 3796 .j.
1068 3715 1148 3778 hida
1164 3737 1230 3779 non
1247 3715 1431 3798 geldabilis.

403 3818 554 3901 Grilding
587 3817 721 3880 Prioris
758 3817 877 3900 [Great
914 3817 1086 3902 Gidding].
1133 3821 1226 3885 Prior
1263 3821 1307 3884 de
1345 3823 1441 3886 Hun-

336 3923 494 4009 t[yndon]
511 3932 603 3989 tenet
618 3924 752 3987 feodum
769 3923 798 4005 .j.
815 3923 929 3987 militis
945 3923 987 3987 de
1003 3923 1102 3988 seodo
1119 3925 1276 4002 Luuetot,
1292 3936 1326 3991 et
1341 3927 1442 3993 debet

335 4030 460 4094 ibidem
489 4029 520 4111 .j.
550 4037 676 4092 sectam
707 4037 740 4092 et
770 4028 813 4092 de
842 4029 971 4093 auxilio
1001 4029 1205 4094 vicecomitis
1235 4053 1277 4096 .x.
1307 4032 1442 4097 solidos.

1028 1052 1222 1136 Stephanus
1238 1053 1282 1117 de
1298 1052 1448 1136 Segraue

335 4262 394 4323 per
413 4239 619 4316 serianciam,
634 4248 668 4301 et
689 4258 756 4302 non
778 4251 855 4304 sunt
876 4239 1068 4322 geldabiles,
1086 4249 1120 4304 et
1141 4241 1243 4306 debet
1260 4241 1289 4324 .j.
1305 4253 1442 4308 sectam.

337 4345 465 4409 Ibidem
490 4343 644 4408 Oliuerus
667 4341 698 4407 le
722 4345 849 4426 Moyne
871 4355 963 4408 tenet
986 4347 1013 4429 .j.
1037 4346 1152 4410 hidam
1175 4347 1387 4430 geldabilem,
1407 4359 1441 4414 et

333 4449 435 4514 debet
449 4459 585 4526 sectam,
600 4459 635 4512 et
654 4448 697 4514 de
717 4451 846 4515 auxilio
861 4451 1066 4515 vicecomitis
1082 4453 1147 4535 iiij.
1164 4453 1297 4518 solidos.
1345 4454 1441 4519 Hun-
