3192 5102
338 374 411 460 246
615 366 810 441 Hundred
832 366 882 462 of
897 365 1164 464 Armirtgford
1324 365 1448 466 [Boot

338 555 458 620 Baucis
484 557 516 619 in
545 555 714 639 Wynepol
740 565 776 619 et
803 575 880 618 cum
908 562 996 618 terra
1021 553 1224 618 Baudechun
1251 553 1295 618 de
1319 553 1448 619 Sancto

337 659 484 743 Georgio
511 661 543 724 in
574 659 704 736 eadem,
733 670 768 724 et
797 681 874 724 cum
905 668 992 724 terra
1025 659 1164 722 Roberti
1195 658 1237 722 de
1268 658 1381 722 Beche
1414 659 1447 720 in

339 764 555 830 Eueresdone
569 774 604 830 et
625 764 775 830 defendit
792 785 827 828 se
849 785 910 847 pro
928 764 992 830 ‚iiii
1008 764 1095 828 hidis
1115 775 1150 828 et
1168 763 1309 828 dimidia
1331 763 1448 846 gelda-

339 868 470 944 bilibus,
495 880 530 935 et
559 870 661 935 debet
687 870 714 934 .i.
740 880 876 946 sectam,
906 877 941 933 et
967 868 1069 934 debet
1091 868 1135 933 ad
1162 867 1307 934 wardam
1336 867 1448 932 Castri

339 971 424 1036 inira
438 972 489 1036 .iii.
506 992 612 1036 annos
632 972 712 1036 ‚xlc
729 971 773 1036 ad
794 971 879 1036 duas
902 973 999 1036 vices.
1047 971 1176 1036 Ibidem
1195 970 1384 1035 Wilieimus
1405 971 1448 1034 de

341 1075 467 1140 Sancto
483 1075 629 1158 Georgio
641 1085 733 1139 tenet
748 1084 870 1140 terram
887 1097 981 1140 suam
999 1077 1031 1138 in
1051 1075 1189 1140 Hattele
1205 1084 1239 1138 et
1257 1075 1446 1159 Kingeston

340 1201 398 1264 per
409 1178 542 1244 feodum
554 1182 582 1244 .i.
595 1181 709 1244 militis
721 1179 874 1244 defendo
885 1180 1027 1244 Matilde
1036 1181 1079 1244 de
1091 1181 1180 1245 Diua
1190 1181 1222 1244 in
1236 1180 1448 1263 Eringeston.

407 1285 664 1350 Memorandum
676 1284 767 1368 quod
781 1285 812 1348 N
816 1285 934 1368 igetius
946 1287 989 1350 de
1002 1284 1173 1350 Radeweii
1186 1296 1279 1350 tenet
1290 1287 1319 1348 .i.
1331 1285 1445 1350 hidam

340 1399 425 1454 terre
448 1391 481 1454 in
507 1390 726 1455 Meldeburne
749 1389 933 1474 geldabilis.
979 1389 1150 1454 Gaisridus
1169 1392 1212 1454 de
1234 1389 1391 1455 Scalariis
1413 1400 1447 1454 et
1585 1399 1586 1450 ἓ

341 1493 490 1558 Thomas
506 1494 548 1558 de
561 1493 739 1559 Waddone
755 1504 872 1558 tenent
887 1495 928 1558 .ii.
944 1493 1040 1558 hidas
1061 1503 1096 1558 et
1116 1502 1183 1558 tres
1200 1493 1347 1576 virgatas
1362 1503 1447 1558 terre

340 1600 373 1662 in
390 1599 561 1664 Crawden.
609 1598 776 1664 Robertus
792 1599 834 1663 de
852 1598 978 1681 Fugers
994 1599 1027 1662 in
1044 1597 1161 1662 eadem
1179 1600 1206 1662 .i.
1219 1597 1334 1663 hidam
1350 1609 1385 1663 et
1396 1599 1446 1662 .iii.

339 1705 487 1787 virgatas
502 1715 596 1768 terre.
629 1705 830 1770 Humsridus
845 1704 888 1768 ad
906 1704 1092 1768 Ecclesiam
1109 1703 1142 1766 in
1158 1702 1317 1767 eademi.
1332 1702 1446 1766 hidam
1585 1761 1586 1766 ,

339 1818 374 1873 et
410 1808 592 1874 dimidiam.
652 1807 824 1890 Johannes
862 1807 1001 1874 Goceiin
1039 1810 1074 1871 in
1111 1806 1230 1870 eadem
1265 1808 1293 1872 .i.
1324 1807 1448 1872 hidam.
1584 1819 1586 1868 i

340 1913 540 1978 Alexander
560 1913 604 1977 de
627 1913 788 1978 Audeuill
812 1915 845 1977 in
870 1912 1016 1996 Ciopton
1033 1913 1073 1976 .ii.
1089 1911 1185 1976 hidas
1208 1922 1242 1976 et
1264 1912 1449 1977 dimidiam.

341 2017 529 2082 Wiilelmus
553 2019 596 2081 de
623 2016 745 2100 Quoye
776 2019 809 2080 in
839 2015 978 2082 Hattele
1005 2017 1034 2100 .j.
1059 2018 1173 2082 hidam
1204 2027 1238 2080 et
1264 2017 1447 2082 dimidiam.

342 2123 447 2188 Fuico
470 2123 557 2186 filius
573 2123 701 2187 Warini
724 2124 756 2186 in
774 2122 954 2187 Tadelowe
970 2123 1010 2204 .iJ'.
1027 2121 1123 2186 hidas
1143 2131 1177 2185 et
1198 2121 1393 2200 dimidiam;
1416 2123 1448 2186 in

341 2226 419 2291 vilia
438 2228 482 2292 de
498 2227 641 2293 Giidene
664 2227 807 2291 Mordon
825 2227 866 2308 .ij.
882 2227 978 2292 hidas
997 2236 1031 2291 et
1052 2226 1228 2291 dimidiam
1249 2226 1293 2290 de
1310 2228 1450 2292 diuersis

341 2332 455 2396 feodis.
502 2331 588 2396 Item
620 2332 770 2396 Thomas
795 2333 837 2397 de
865 2335 988 2397 Pernes
1016 2334 1047 2397 in
1080 2332 1197 2397 eadem
1223 2332 1276 2415 .iij.
1302 2333 1451 2417 virgatas

341 2447 435 2502 terre
483 2437 567 2500 Item
595 2436 745 2500 Thomas
770 2436 856 2500 filius
886 2437 1042 2520 Hugonis
1070 2439 1102 2501 in
1130 2440 1247 2502 eadem
1275 2437 1450 2502 dimidiam

343 2541 507 2623 virgatam
532 2549 624 2605 terre.
673 2541 759 2604 Item
785 2539 955 2606 Gaifridus
979 2543 1022 2605 de
1045 2541 1202 2607 Scalariis
1226 2542 1258 2604 in
1282 2540 1451 2626 homagio.

346 2645 385 2710 ln
424 2644 682 2728 Stepeimordon
722 2647 749 2709 .i.
787 2645 902 2709 hidam
940 2655 1035 2710 terre.
1083 2645 1169 2709 Item
1210 2646 1378 2710 Robertus
1408 2647 1452 2710 de

345 2753 490 2835 Fugeres
514 2750 546 2813 in
572 2749 735 2834 Alington
759 2753 786 2814 .i.
811 2751 934 2815 hidam.
981 2750 1137 2815 Decanus
1163 2750 1207 2814 de
1234 2749 1452 2833 Schenegeye

344 2857 480 2921 terciam
498 2864 627 2939 partem
643 2856 739 2919 vnius
755 2856 833 2920 hide
849 2857 882 2919 in
900 2858 1026 2920 eadem.
1071 2855 1241 2939 Johannes
1257 2855 1288 2920 le
1303 2855 1401 2937 Goyz
1417 2858 1451 2920 in

346 2960 593 3043 Bassingbume
609 2962 635 3024 .i.
652 2959 775 3025 hidam.
822 2961 914 3024 Prior
936 2963 979 3025 de
1001 2959 1193 3025 Chikesond
1217 2963 1249 3024 in
1271 2960 1452 3025 Tadelowe

343 3068 384 3130 .ii.
400 3066 496 3130 hidas
518 3075 553 3129 et
573 3063 757 3130 dimidiam.
792 3067 936 3130 Matiida
957 3066 999 3130 de
1018 3065 1159 3129 Dunton
1181 3068 1213 3129 in
1232 3067 1408 3148 Wendeye
1424 3070 1452 3132 .i.

344 3169 507 3253 virgatam
525 3179 618 3233 terre.

503 3448 710 3515 Hundredus
731 3450 769 3514 de
791 3448 1018 3534 Emirrgeford
1038 3447 1296 3532 [Armingsord].

413 3604 541 3688 Clopton
558 3607 742 3690 [Clopton]
790 3607 953 3670 Ricardus
969 3605 1011 3669 de
1028 3605 1186 3669 Audeuill
1205 3614 1298 3668 tenet
1314 3603 1449 3668 feodum

346 3711 374 3794 .j.
396 3711 509 3774 militis
523 3731 600 3774 cum
618 3711 747 3794 uirgata
763 3720 847 3774 terre
864 3711 896 3774 in
922 3710 1058 3774 Hatteie
1079 3719 1113 3773 et
1129 3711 1156 3774 .i.
1177 3709 1290 3772 hidam
1312 3719 1398 3772 terre
1417 3709 1449 3770 in

348 3815 527 3879 Crawcden
544 3812 587 3876 de
604 3813 741 3877 baronia
758 3812 885 3877 Warini
903 3811 959 3876 filii
977 3811 1123 3877 Geroidi.
1299 3851 1314 3888 0

413 3915 611 3982 Sutmordon
628 3916 759 4000 [South,
774 3938 812 3980 or
831 3915 976 4000 Steeple,
994 3914 1158 3998 Morden]¹
1206 3915 1393 3978 Willelmus
1409 3913 1451 3977 de

348 4023 426 4106 Kay
438 4031 531 4086 tenet
547 4020 681 4084 feodum
697 4019 826 4084 dimidii
844 4021 958 4084 militis
973 4019 1016 4082 de
1031 4018 1158 4082 honore
1175 4019 1332 4082 Bononio.
1373 4019 1449 4081 Non

346 4127 447 4192 debet
462 4135 598 4204 sectam,
610 4146 718 4209 neque
733 4125 895 4190 auxilium
910 4126 1121 4190 vicecomitis.
1156 4123 1270 4206 Wydo
1284 4123 1328 4186 de
1346 4123 1451 4203 Brecy

346 4242 439 4298 tenet
461 4241 615 4315 quartam
638 4241 768 4313 partem
795 4229 882 4294 feodi
908 4230 935 4295 .i.
962 4229 1077 4293 militis
1104 4229 1146 4292 de
1173 4228 1292 4292 codem
1316 4227 1450 4291 honore.

350 4335 479 4401 ibidem
496 4334 666 4400 Galiridus
681 4335 724 4399 de
740 4334 897 4401 Scalariis
912 4343 1005 4399 tenet
1021 4334 1047 4398 .i.
1060 4330 1175 4397 hidam
1192 4343 1278 4396 terre
1292 4331 1336 4397 de
1352 4331 1449 4396 feodo

346 4443 390 4506 de
408 4440 572 4508 Scalariis.
619 4441 696 4504 Non
712 4439 813 4506 debet
828 4449 964 4516 sectam,
980 4448 1014 4504 et
1030 4439 1085 4502 iila
1100 4438 1180 4503 hida
1200 4447 1251 4503 est
1266 4437 1448 4522 geldabilis.
