3222 5086
325 361 393 453 184
537 361 751 460 Difference
778 361 870 435 with
897 362 958 435 the
988 362 1207 437 Clurncellor
1305 359 1429 462 [soor

317 545 412 616 aliqua
424 543 571 600 taxacione
583 544 650 599 inde
662 543 737 600 iacta
754 552 783 599 et
796 545 903 614 absque
916 545 1011 615 aliqua
1023 544 1104 600 firma
1117 545 1182 600 inde
1195 545 1347 600 reddenda
1387 545 1427 599 Et

319 633 360 688 sic
384 632 549 688 deforciauit
574 632 600 687 ei
624 632 782 702 predictum
803 633 981 703 mesuagium
1005 633 1214 704 appropriando
1234 633 1288 687 sibi
1308 632 1429 688 liberum

318 729 513 776 tenementum
525 721 660 776 eiusdem.
699 721 737 774 Et
750 720 804 775 hoc
823 719 893 791 petit
912 722 989 791 quod
1006 720 1163 791 inquiratur
1179 736 1229 790 per
1241 719 1361 774 assisam
1373 730 1425 773 etc

155 799 288 902 ffy‘iffigff
373 810 411 864 Et
423 809 565 880 predictus
578 807 712 877 magister
726 807 863 862 Radulius
875 807 1031 877 dicitquod
1043 808 1150 862 nullam
1164 805 1426 879 appropriacionem

283 879 289 892 ⁹
319 895 384 954 iecit
403 897 439 952 de
457 895 585 967 predicto
603 896 749 964 mesuagio
768 896 918 966 quominus
941 896 1017 950 idem
1039 895 1118 950 Prior
1138 895 1167 949 in
1187 895 1264 950 dicto
1282 891 1426 963 mesuagio

318 988 419 1042 domos
431 996 608 1058 prosternere
621 995 649 1040 et
666 983 736 1040 alias
753 985 885 1039 edificare
897 1001 948 1054 pro
966 1000 1018 1038 sua
1034 986 1180 1040 uoluntate
1197 982 1308 1054 poterit,
1322 993 1349 1038 et
1361 981 1426 1038 fecit

319 1089 383 1129 cum
397 1073 449 1129 sibi
463 1074 622 1145 placuisset,
636 1089 688 1126 nec
701 1071 807 1142 aliquid
817 1073 922 1126 clamat
934 1073 962 1127 in
976 1073 1077 1127 eodem
1090 1073 1235 1142 mesuagio
1248 1072 1302 1127 nisi
1315 1081 1426 1126 tantum

319 1163 478 1233 hospicium
497 1178 579 1217 suurn
598 1161 753 1217 secundum
771 1161 949 1216 taracionem
972 1171 999 1216 et
1019 1161 1253 1216 consuetudinem
1277 1162 1425 1232 predictas.

320 1252 357 1306 Et
376 1252 452 1321 quod
471 1250 495 1303 ei
515 1249 615 1321 optulit
634 1251 745 1304 firmam
764 1250 830 1305 inde
849 1250 976 1306 debitam
995 1252 1151 1306 secundum
1170 1251 1346 1306 taxacionem
1365 1265 1425 1320 pre·

318 1338 425 1393 dictam
442 1353 527 1408 quam
552 1337 627 1392 idem
647 1338 727 1392 Prior
745 1337 781 1392 de
800 1355 885 1393 manu
905 1356 957 1393 sua
975 1339 1099 1409 recipere
1118 1340 1267 1406 recusauit,
1290 1340 1330 1395 ita
1351 1338 1426 1408 quod

242 1434 260 1484 l.
272 1433 304 1503 ⁶9
318 1428 424 1482 nullam
443 1426 573 1482 iniuriam
593 1426 653 1482 siue
671 1426 850 1482 disseisinam
869 1427 895 1483 ei
914 1427 982 1484 inde
1001 1428 1074 1483 lecit
1113 1429 1152 1483 Et
1169 1428 1206 1484 de
1224 1428 1279 1483 boc
1297 1428 1377 1499 ponit
1394 1444 1426 1483 se

318 1533 402 1588 super
420 1517 548 1572 assisam

154 1639 298 1732 ζῑζζξξξῑω
386 1643 468 1706 Ideo
498 1641 628 1724 capitur
643 1641 761 1706 ,assisa
788 1642 847 1706 sed
874 1642 1010 1725 ponitur
1040 1643 1073 1705 in
1104 1652 1292 1726 respectum
1323 1663 1426 1724 vsque

154 1741 287 1791 immi·
318 1743 408 1808 diem
431 1745 526 1827 Jouis
551 1745 584 1809 in
611 1747 801 1830 septimana
829 1746 1043 1811 Pentecostes
1067 1767 1128 1830 pro
1155 1746 1286 1810 defectu
1314 1765 1425 1827 recog-

319 1847 492 1933 n[itorum]
524 1850 603 1933 quia
633 1850 744 1915 nullus
775 1851 874 1916 venit.
937 1851 1018 1914 Ideo
1048 1851 1233 1915 vicecomes
1263 1859 1324 1914 etc.
1381 1849 1426 1912 Et

318 1955 491 2017 sciendum
507 1955 598 2037 quod
615 1953 715 2018 breue
730 1955 892 2038 originale
908 1963 1057 2020 remanet
1074 1975 1176 2038 penes
1188 1954 1426 2031 vicecomitem,

319 2066 437 2140 patens
468 2078 570 2140 penes
601 2068 730 2141 partem
762 2068 822 2122 etc.
885 2059 1005 2123 Postea
1034 2059 1228 2123 concordati
1257 2067 1336 2123 sunt
1367 2077 1427 2141 per

320 2163 515 2244 magistrum
537 2161 748 2244 Gwydonem
772 2163 816 2227 de
840 2162 1009 2229 Couentre
1029 2164 1157 2228 domini
1177 2163 1325 2247 episcopi
1346 2162 1425 2246 Ely-

318 2265 406 2326 ensis
427 2263 602 2328 officialem
625 2265 682 2348 qui
706 2286 741 2329 se
763 2265 942 2330 intromisit
960 2266 1003 2331 de
1018 2287 1110 2350 pace,
1125 2275 1158 2331 et
1174 2266 1273 2330 datus
1289 2276 1339 2330 est
1354 2267 1426 2331 dies

318 2377 426 2432 certus
442 2369 485 2432 ad
501 2369 710 2434 liberandum
729 2371 832 2434 Priori
848 2391 965 2435 omnes
981 2359 1092 2435 claues
1108 2381 1142 2436 et
1155 2423 1162 2437 .
1175 2371 1211 2434 xl
1221 2423 1227 2436 .
1239 2371 1363 2436 solidos
1383 2372 1427 2435 de

317 2473 491 2556 arreragijs
507 2474 684 2557 pensionis.
735 2475 781 2538 Et
796 2475 843 2538 sic
860 2485 1090 2540 remanserunt
1106 2478 1226 2541 domus
1248 2477 1291 2540 ad
1307 2477 1425 2541 uolun-

317 2587 422 2642 tatem
440 2579 560 2642 Prioris
576 2579 702 2662 absque
718 2579 910 2662 calumpnia
926 2580 1120 2645 clericorum
1137 2583 1180 2646 de
1195 2592 1313 2646 cetero

483 2811 549 2872 118.
595 2806 648 2870 De
667 2808 862 2872 contencione
881 2829 953 2872 cum
976 2807 1188 2874 vniusrsitate
1202 2821 1265 2893 pro

649 2913 872 2977 inrardicct'one
895 2913 1095 2979 Cancellarii.

156 3056 222 3098 How
231 3055 273 3099 the
383 3040 609 3106 Cancellarius
627 3041 851 3106 uniuersitatis
871 3041 1155 3124 Cantebrigiensis
1176 3043 1282 3108 uoluit
1303 3044 1425 3110 habere

154 3106 300 3149 chaneellor
320 3143 326 3157 ,

154 3157 303 3258 ffipvemm
314 3145 583 3226 jurisdiccionem
606 3144 640 3206 in
664 3145 772 3227 priore
794 3144 837 3207 de
865 3144 1067 3208 Bemewelle
1090 3155 1123 3210 et
1146 3146 1315 3210 canonicis
1336 3149 1426 3226 suis;

153 3257 282 3349 {mh
317 3258 351 3312 et
362 3248 456 3311 citari
469 3247 546 3312 fecit
558 3248 781 3331 peremptorie
791 3268 894 3312 vnum
906 3250 1104 3312 canonicum
1114 3251 1204 3332 quod
1218 3261 1426 3334 compareret

151 3356 267 3458 ἓξὲξ·
317 3352 399 3414 hora
426 3353 533 3434 prima
562 3353 605 3415 ad
638 3353 908 3435 respondendum
940 3353 1073 3417 cuidam
1101 3355 1219 3418 scolari
1249 3365 1310 3420 etc.
1356 3356 1424 3420 Sed

153 3459 282 3551 {¹333
317 3457 496 3520 canonicus
513 3457 683 3538 respondit
699 3477 734 3520 se
751 3477 816 3520 non
833 3477 906 3520 esse
921 3459 964 3522 de
981 3457 1212 3540 jurisdictione
1227 3461 1425 3543 cancellarij,

318 3580 378 3624 nec
396 3581 432 3624 se
453 3559 538 3624 uelle
558 3560 748 3624 huiusmodi
771 3563 931 3626 mandato
951 3561 1022 3625 eius
1042 3583 1166 3645 parere.
1213 3561 1426 3648 Quapropter

317 3666 488 3748 primodie
498 3674 671 3748 tamquam
681 3675 913 3730 contumacem
924 3667 1097 3748 suspendit
1107 3666 1216 3750 ipsum
1226 3669 1424 3733 canonicum

317 3771 360 3834 ab
383 3771 531 3853 ingressu
559 3771 696 3834 ecclesie
719 3781 752 3834 et
775 3772 807 3834 in
831 3771 975 3835 crastino
997 3791 1057 3853 per
1079 3771 1323 3836 commissarios
1346 3793 1425 3837 suos

317 3875 632 3939 excommunicauit.
680 3876 838 3939 Decreuit
853 3878 959 3940 eciam
982 3875 1127 3940 Priorem
1145 3896 1219 3939 esse
1234 3877 1423 3942 uocandum

317 3980 408 4062 quod
432 3990 639 4061 compareret
662 3990 732 4056 etc,
755 3982 823 4056 sed,
846 3983 925 4062 quia
950 3981 1043 4044 Prior
1065 3983 1107 4045 ad
1132 3981 1202 4044 eius
1225 3982 1423 4047 citacionem

318 4105 384 4148 non
401 4083 503 4159 uenit,
518 4085 626 4166 ipsum
645 4085 790 4148 Priorem
807 4085 1122 4150 excommunicauit.
1169 4085 1268 4168 Quod
1284 4089 1424 4152 audiens

318 4189 411 4253 Prior
426 4186 554 4271 Symon
573 4189 711 4252 miratus
726 4198 778 4252 est
795 4197 924 4253 tantam
942 4209 999 4252 eos
1020 4210 1210 4274 presumere
1227 4190 1424 4271 fatuitatem,

316 4303 350 4358 et
372 4314 430 4378 per
448 4292 603 4356 clericum
624 4314 720 4356 suum
744 4293 940 4376 magistrum
965 4293 1008 4357 H.
1024 4295 1066 4356 de
1084 4291 1209 4356 Melree
1230 4293 1262 4355 in
1284 4294 1424 4361 ecclesia

318 4397 415 4462 beate
432 4397 539 4460 Marie
555 4397 777 4480 Cantebrigie,
793 4407 826 4460 et
842 4416 954 4460 coram
976 4395 1108 4460 officiali
1132 4395 1367 4462 Archidiaconi
1388 4399 1422 4464 in
