3192 5102
151 385 225 485 vn]
252 389 435 464 Pariskes
452 391 500 488 os
509 389 588 464 All
602 390 733 464 Saz'nts
749 389 830 463 and
838 389 943 488 Holy
958 389 1158 489 Sepulchra
1189 393 1258 482 287

151 573 311 654 parochia
328 575 432 639 Beate
448 576 555 640 Marie
570 577 604 640 in
621 575 875 654 Glomerielane,
886 586 921 640 et
937 575 1046 641 reddit
1062 596 1121 660 per
1135 594 1259 638 annum

150 675 252 759 .xij.d.
268 688 302 743 et
317 680 403 744 duos
418 699 572 763 capones.

217 782 390 864 Johannes
406 783 492 848 filius
508 785 577 849 eius
593 794 686 850 tenet
701 787 784 850 duas
800 805 893 850 acras
905 793 992 850 terre
1007 785 1041 848 in
1055 783 1260 849 Newenham

153 887 294 966 Crostes‚
309 899 343 954 et
359 890 469 955 reddit
484 890 563 955 inde
578 911 637 974 per
651 909 777 954 annum
793 891 872 973 ,iijs

221 993 325 1075 Elyas
339 994 383 1058 de
399 995 622 1078 Sceymstone
636 1006 728 1062 tenet
738 1016 840 1060 vnum
854 995 1062 1078 mesuagium
1075 994 1119 1058 ad
1129 1003 1261 1078 portam

153 1097 292 1162 ecclesie
308 1099 412 1164 Beate
427 1101 543 1178 Marie,
559 1111 593 1166 et
609 1101 718 1166 reddit
736 1121 936 1185 perannum
953 1120 1073 1164 ,xxxa
1090 1098 1185 1181 ‚iiij.d.

220 1200 410 1266 Willelmus
424 1203 468 1267 de
485 1203 587 1286 Parys
602 1213 696 1268 tenet
711 1224 811 1268 vnam
834 1203 1018 1288 schoppam
1041 1204 1074 1266 in
1092 1202 1262 1278 Bucheria‚

153 1311 190 1368 et
204 1304 315 1369 reddit
330 1306 408 1370 inde
423 1327 483 1389 per
497 1327 622 1372 annum
639 1306 739 1390 ‚vilja

221 1408 386 1474 Ricardus
409 1410 573 1475 Bateman
599 1421 691 1476 tenet
714 1430 815 1475 unam
839 1410 1023 1494 schoppam
1048 1410 1081 1472 in
1105 1408 1263 1491 parochia

156 1512 272 1578 Sancti
286 1513 464 1579 Eadwardi
477 1516 511 1578 in
525 1515 697 1592 Bucheria‚
707 1525 741 1579 et
753 1514 863 1579 reddit
874 1513 953 1578 inde
965 1534 1023 1597 per
1034 1531 1161 1577 annum
1173 1511 1263 1594 ‚iiijs

222 1616 366 1682 Matilda
380 1616 424 1680 de
436 1617 559 1683 Walda
571 1628 663 1683 tenet
678 1629 746 1684 tres
761 1618 928 1702 schoppas
945 1619 977 1682 in
989 1615 1147 1701 parochia
1159 1616 1264 1681 Beate

156 1720 264 1784 Marie
284 1721 380 1786 iuxta
401 1720 546 1805 capitale
569 1721 776 1806 mesuagium
799 1741 906 1799 suum,
926 1731 960 1786 et
981 1720 1090 1785 reddit
1112 1719 1190 1784 inde
1204 1739 1264 1803 per

155 1845 281 1889 annum
300 1824 387 1907 ,vijs

221 1927 422 1994 Godesridus
443 1930 475 1995 le
491 1929 620 1995 Mercer
635 1939 727 1995 tenet
742 1949 846 1994 vnum
868 1929 1077 2013 mesuagium
1094 1928 1127 1993 in
1143 1927 1261 1992 eadem

155 2032 313 2116 parochia
343 2055 387 2098 ex
418 2035 575 2118 opposito
605 2035 695 2100 dicte
724 2035 872 2112 ecclesie,
898 2045 932 2100 et
962 2033 1072 2098 reddit
1100 2033 1176 2097 inde
1204 2052 1262 2115 per

156 2157 280 2201 annum
304 2159 372 2203 .xs.

221 2242 371 2308 Thomas
387 2243 418 2308 le
434 2244 537 2308 Bedel
553 2253 646 2309 tenet
658 2264 758 2309 unam
774 2244 925 2327 placeam
942 2263 1082 2308 vacuam
1096 2242 1129 2306 in
1142 2243 1260 2305 eadem

156 2346 313 2429 parochia
330 2349 362 2410 in
378 2347 453 2411 vico
469 2345 635 2425 Glomere,
650 2356 684 2412 et
700 2347 810 2412 reddit
827 2348 904 2411 inde
920 2367 979 2432 per
994 2366 1119 2410 annum
1137 2345 1214 2427 ,iijs

222 2448 385 2514 Ricardus
406 2450 437 2515 le
458 2451 598 2515 Vineter
620 2461 712 2516 tenet
734 2472 836 2515 vnum
859 2451 1067 2532 mesuagium
1090 2450 1121 2512 in
1144 2449 1261 2513 eadem

156 2552 315 2638 parochia
330 2553 426 2617 iuxta
441 2553 650 2630 cimiterium,
665 2565 699 2619 et
714 2554 825 2620 reddit
841 2555 919 2619 inde
934 2574 1133 2639 perannum
1150 2553 1239 2636 .iiij.s.

223 2657 276 2721 De
291 2657 413 2722 vicario
428 2659 567 2724 ecclesie
582 2660 698 2726 Sancti
717 2659 895 2725 Eadwardi
912 2659 940 2742 .j.
957 2679 1057 2724 marc.

794 2762 953 2846 [Summa
968 2759 1050 2845 ,iiijl'
1066 2761 1143 2846 .iiij.·
1158 2759 1261 2845 ,viij.‘¹]

287 3145 315 3210 7.
362 3129 527 3194 Parocltia
552 3127 710 3195 Omnium
734 3129 933 3196 Sanctorum
956 3131 1000 3216 [et
1023 3131 1141 3196 Sancti

524 3234 674 3318 Sepulm'
688 3235 903 3319 pennarum}

224 3401 342 3470 Clerici
363 3405 512 3487 episcopi
530 3403 685 3487 Elyensis
708 3405 751 3470 de
772 3404 900 3470 Sancto
916 3403 1013 3468 Petro
1028 3413 1146 3468 tenent
1159 3423 1262 3469 vnum

157 3506 364 3588 mesuagium
394 3506 486 3589 quod
517 3505 580 3571 luit
603 3506 850 3582 Archidiaconi,
872 3516 906 3572 et
929 3504 1074 3571 reddunt
1103 3507 1182 3571 inde
1204 3527 1263 3590 per

156 3629 280 3675 annum
303 3609 369 3692 ijs.

223 3712 391 3778 Robertus
411 3713 454 3778 de
475 3713 697 3779 Meldeburne
716 3723 809 3778 tenet
831 3715 915 3778 duas
938 3712 1104 3796 schoppas
1122 3713 1262 3778 indicta

157 3816 314 3900 parochia
329 3818 426 3882 iuxta
442 3818 651 3902 mesuagium
672 3837 771 3882 suum
786 3826 821 3881 et
844 3815 954 3882 reddit
970 3815 1047 3881 inde
1062 3837 1122 3901 per
1136 3837 1261 3882 annum

156 3919 288 4004 ‚xviij.d.

223 4023 444 4089 Eadmundus
474 4024 517 4088 de
545 4025 723 4089 Eliswrthe
752 4034 845 4090 tenet
867 4043 969 4088 vnum
994 4025 1201 4109 mesuagium
1228 4026 1262 4089 in

156 4129 273 4192 eadem
305 4127 462 4212 parochia
492 4130 590 4192 iuxta
626 4129 835 4211 mesuagium
869 4128 1009 4192 Roberti
1040 4129 1071 4192 le
1100 4129 1199 4193 bedel
1228 4139 1262 4193 et

157 4231 266 4296 reddit
287 4231 462 4296 dimidiam
488 4252 642 4297 marcam.

222 4337 355 4400 Fratres
385 4337 560 4419 hospitalis
590 4336 706 4403 Sancti
732 4335 897 4417 Johannis
923 4345 1037 4400 tenent
1064 4337 1260 4402 cimiterium
1275 4350 1293 4403 f.
1311 4349 1380 4401 reeb

156 4461 253 4506 suum
276 4450 311 4505 et
333 4460 436 4505 vnum
461 4443 668 4523 mesuagium
692 4441 789 4505 iuxta
811 4439 986 4504 ecclesiam
1009 4440 1123 4506 Sancti
1144 4440 1261 4524 Sepul-
