3188 5078
155 391 229 492 vu]
464 393 626 468 Tonants
651 392 692 466 in
719 391 942 491 Madingley
1188 410 1258 486 307

562 685 611 750 23.
656 666 858 752 [Caldecote]

221 818 325 883 Anno
348 819 439 900 regni
466 817 567 899 Regis
591 816 749 880 Edwardi
771 817 920 880 secundo
942 815 1047 900 petite
1069 816 1201 880 suerunt
1220 815 1263 879 de

154 932 226 987 tota
249 922 363 987 villata
385 922 428 986 de
451 922 634 987 Caldecote
656 921 731 1004 .viij.
755 942 865 986 marce
893 942 955 1005 pro
977 929 1173 1006 contemptu
1200 919 1263 985 sub

153 1027 250 1091 uiridi
273 1047 367 1105 cera;
391 1037 425 1092 et
441 1027 573 1090 suerunt
595 1027 704 1090 solute
726 1027 805 1110 quia
826 1025 979 1090 homines
994 1025 1071 1090 viiie
1094 1025 1181 1090 illius
1203 1045 1263 1108 per

152 1131 253 1195 aliam
284 1131 373 1195 uiam
404 1131 544 1195 transire
573 1150 641 1194 non
672 1140 860 1214 potuerunt
906 1129 982 1214 Que
1017 1130 1153 1214 quidem
1184 1139 1262 1194 octo

153 1255 264 1300 marce
279 1235 417 1300 collecte
432 1234 564 1300 suerunt
582 1235 646 1299 hoc
663 1236 773 1300 modo,
818 1236 907 1300 Tota
922 1235 1036 1300 villata
1051 1235 1263 1300 diuidebatur

153 1338 187 1404 in
203 1341 287 1404 duas
302 1349 423 1424 partera,
443 1339 568 1404 scilicet
587 1340 621 1402 in
638 1339 924 1428 feodo-libertatis,
939 1349 973 1404 et
990 1339 1089 1404 feodo
1103 1339 1263 1422 gildabili.

155 1445 224 1528 Ipsi
240 1444 297 1528 qui
318 1443 478 1510 tenebant
497 1443 540 1509 de
561 1444 716 1509 libertate
735 1431 907 1510 soiueru'nt
927 1465 988 1508 sex
1005 1464 1142 1522 marcae,
1157 1453 1191 1508 et
1206 1465 1262 1508 eas

153 1549 314 1615 miserunt
328 1549 370 1638 ad
384 1551 584 1615 scaccarium
598 1550 702 1632 Regis
718 1570 776 1633 per
791 1549 948 1614 nuncium
965 1569 1072 1628 suum,
1088 1558 1121 1614 et
1137 1549 1260 1613 ibidem

152 1653 280 1718 talliam
318 1663 520 1738 receperunt
566 1654 636 1737 Ipsi
674 1674 754 1718 uero
791 1655 847 1738 qui
886 1654 1045 1718 tenebant
1082 1652 1125 1717 de
1163 1654 1262 1717 feodo

152 1757 302 1842 gildabili
324 1759 496 1823 soluerunt
516 1759 599 1822 duas
621 1777 750 1823 marcas
771 1757 919 1822 residuas
939 1758 983 1822 de
1004 1756 1103 1821 feodo
1123 1757 1261 1821 Roberti
1364 1747 1365 1750 '

153 1864 185 1928 ie
212 1863 305 1940 Goiz,
331 1873 365 1927 et
395 1883 452 1927 eas
478 1862 649 1928 soluerunt
674 1864 862 1928 vicecomiti
890 1862 1110 1947 Cantebrigie,
1137 1862 1352 1941 scilicett.172

155 1967 305 2031 Roberto
327 1966 382 2031 del
406 1967 513 2046 Estre,
528 1975 563 2031 et
585 1966 718 2031 suerunt
740 1965 880 2032 collecte
902 1966 989 2031 inter
1011 1975 1162 2030 tenentes
1184 1966 1261 2031 sub·

153 2071 294 2153 scriptos
317 2070 489 2135 videlicet:

154 2218 200 2271 De
212 2217 355 2272 Wilieimo
367 2217 404 2273 de
419 2218 533 2271 Mortuo
547 2216 621 2272 Mori
634 2217 682 2288 qui
695 2217 786 2273 tenuit
799 2217 843 2271 ad
856 2233 947 2285 acras,
959 2215 1108 2271 dimidiam
1126 2233 1261 2273 marcam.

155 2306 200 2362 De
214 2304 310 2361 Priore
322 2305 358 2361 de
371 2306 542 2362 Bemewelle
553 2307 602 2378 qui
615 2305 704 2362 tenuit
717 2326 768 2362 .xv.
782 2323 873 2375 acras,
887 2325 955 2362 xxx
969 2305 1109 2361 denarios.

155 2395 200 2448 De
214 2393 355 2448 Michaele
367 2393 404 2448 de
420 2393 607 2464 Trumpitone
623 2391 671 2464 qui
688 2393 778 2449 tenuit
794 2393 868 2465 .xiiij.
887 2409 968 2450 acras
980 2403 1009 2448 et
1021 2391 1178 2462 dimidiam,
1191 2413 1260 2449 moe

224 2480 366 2536 denarios.

154 2572 200 2626 De
214 2569 340 2626 Roberto
353 2569 424 2626 Mile
435 2571 483 2643 qui
496 2569 585 2626 tenuit
598 2588 631 2626 .x.
645 2585 734 2639 acras,
747 2589 798 2626 arx.
813 2571 953 2626 denario&

154 2662 200 2716 De
211 2659 339 2716 Waltero
351 2659 387 2714 de
401 2659 547 2715 Kimwelie
558 2660 606 2732 qui
619 2659 793 2730 tenuit-rodi.
807 2676 896 2727 acras,
910 2658 994 2728 .x1iiij.
1008 2659 1148 2714 denarios.

153 2750 199 2804 De
213 2747 341 2804 Galirido
354 2748 436 2820 Crisp
448 2747 496 2819 qui
510 2747 599 2805 tenuit
612 2747 675 2819 .xiij.
688 2763 778 2815 acras,
792 2748 872 2803 .xxvi.
885 2748 1024 2804 denarios.

153 2839 200 2894 De
214 2837 338 2893 Roberte
349 2837 385 2891 de
399 2837 512 2892 Brunne
524 2846 553 2891 et
565 2835 748 2908 participibus
762 2837 819 2892 suis
833 2853 884 2906 pro
895 2856 929 2891 .x.
943 2837 1025 2904 acris,
1039 2855 1089 2890 me
1103 2837 1243 2892 denarios.

155 2927 200 2981 De
214 2926 338 2995 Hugone
351 2925 387 2979 de
401 2925 519 2981 Estcote
531 2924 580 2995 qui
592 2923 681 2980 tenuit
694 2935 752 2980 tres
764 2940 854 2991 acras,
867 2925 912 2996 .vj.
926 2925 1065 2979 denarios.

156 3013 200 3067 De
214 3013 326 3082 Rogero
339 3011 450 3068 Cierico
463 3011 510 3084 qui
523 3013 612 3069 tenuit
625 3021 745 3084 quatuor
757 3028 846 3078 acras,
860 3012 924 3082 .viij.
939 3013 1079 3068 denarios.

154 3102 199 3155 De
213 3099 340 3156 Henrico
352 3101 379 3155 le
392 3101 534 3170 Franceys
546 3099 594 3172 qui
607 3099 697 3156 tenuit
709 3110 830 3170 quatuor
843 3115 934 3168 acras,
945 3099 1011 3171 xiij.
1025 3100 1165 3155 denarios„

154 3190 200 3243 De
214 3189 338 3243 Roberto
351 3188 442 3258 Sygar
452 3187 501 3258 qui
513 3187 603 3243 tenuit
615 3185 679 3255 aiiij,
693 3203 783 3254 acras,
795 3187 875 3257 ‚xirrj¹
890 3187 1029 3242 denarios.

155 3278 200 3333 De
214 3277 319 3346 Roysia
331 3278 368 3333 de
379 3277 553 3333 Thadeiowe
563 3275 610 3349 qui
624 3277 714 3332 tenuit
726 3275 783 3345 iiij.
797 3293 886 3344 acras,
900 3276 964 3347 .viij.
978 3277 1117 3332 denarios.

423 3522 472 3587 24
517 3504 730 3590 [Madditffle
750 3505 996 3590 (Madmgley).]

219 3665 279 3729 isti
295 3674 373 3729 sunt
388 3673 541 3729 tenentes
557 3664 678 3727 Prioris
693 3663 736 3728 de
752 3662 955 3728 Bemewelle
970 3663 1004 3728 in
1021 3664 1236 3749 Maddingie:

219 3813 372 3896 Rogerus
401 3811 586 3877 Vendhout
616 3821 708 3877 tenet
738 3811 817 3894 xiij.
847 3831 940 3876 acras
969 3821 1058 3878 terre
1086 3831 1163 3878 cum
1193 3833 1259 3877 vno

152 3917 334 3999 mesuagio,
345 3925 379 3981 et
391 3918 500 3981 reddit
511 3915 589 3980 inde
602 3935 659 3998 per
671 3936 796 3980 annum
809 3917 883 3998 .viiJ.
895 3917 1030 3992 solidos,
1041 3917 1083 4000 ij.
1096 3919 1258 3992 denarios,

152 4022 299 4097 obolum,
314 4020 356 4084 ad
377 4022 537 4085 terminos
554 4021 694 4098 vsuaies,
709 4030 743 4084 et
758 4022 843 4084 duos
858 4039 1004 4106 capones
1018 4022 1062 4085 ad
1080 4021 1210 4100 Nataie,
1225 4033 1259 4086 et

152 4127 216 4190 hoc
230 4134 460 4190 tenementum
477 4127 577 4190 estin
594 4125 799 4210 Maddingle

219 4231 315 4293 Idem
334 4229 485 4312 Rogerus
501 4238 593 4294 tenet
609 4231 642 4294 in
663 4231 791 4314 campis
805 4231 849 4295 de
865 4229 960 4296 Cotis
976 4233 1050 4315 ,viii
1065 4253 1158 4297 acras
1174 4243 1260 4298 terre

152 4343 186 4398 et
202 4333 311 4398 reddit
328 4334 405 4398 inde
419 4355 478 4418 per
493 4354 617 4400 annum
635 4335 742 4419 xxxj.
758 4335 919 4403 denarios.

219 4437 387 4502 Waiterus
408 4437 494 4502 iilius
517 4439 673 4522 Hugonis
694 4441 726 4502 in
748 4441 872 4524 angulo
892 4450 985 4506 tenet
1005 4443 1038 4506 in
1063 4442 1261 4526 Maddingle

1080 4590 1177 4632 20-—2
