3192 5102
145 387 202 486 vr]
462 389 659 464 Hundred
680 389 728 488 os
746 387 924 463 Flendish
1189 393 1258 480 263

149 585 241 642 tenet
272 579 305 642 in
337 577 521 654 Swasham
552 577 720 655 Carieton,
752 577 940 653 Balesham,
966 585 1001 641 et
1034 575 1261 660 Badburham,

149 679 285 746 feodum
313 681 342 766 .j.
369 682 484 747 militis
511 693 546 747 et
572 683 709 747 terciam
742 689 871 766 partem
903 680 992 746 feodi
1020 679 1049 763 .j.
1076 680 1192 745 militis
1218 681 1261 745 de

149 783 249 851 feodo
272 787 478 870 Hardewyni
498 785 555 870 [de
576 785 756 868 Scaiariis].
805 785 900 849 Idem
923 783 1144 868 B[aldwinus]
1160 783 1261 848 debet

149 887 179 972 .j.
205 900 331 956 sectam
362 901 395 957 et
426 891 469 956 de
499 891 627 956 auxilio
654 891 861 956 vicecomitis
891 889 993 972 ,xviii
1021 889 1175 955 denarios
1202 911 1261 975 per

148 1014 284 1059 annum.
331 994 462 1060 Ibidem
484 1006 563 1060 sunt
585 994 650 1078 vij.
672 993 750 1060 hide
773 1005 859 1060 terre
881 992 1066 1078 geldabiles
1088 1002 1123 1058 et
1144 992 1197 1077 .iij.
1217 993 1261 1058 de

150 1099 317 1166 libertate¹
341 1099 489 1185 Elyensi.
536 1101 624 1166 Clai.

360 1403 564 1469 Hundredus
585 1401 624 1466 de
645 1399 827 1466 Flenudich
849 1401 893 1485 [F
895 1402 1048 1485 lendish].

222 1558 432 1623 Teueresltam
469 1557 711 1643 [Teversham].
755 1557 944 1622 Willelmus
981 1559 1025 1623 de
1063 1558 1259 1624 Warbelton

152 1669 244 1724 tenet
277 1659 330 1742 .iij.
365 1660 461 1726 hidas
499 1671 533 1725 et
569 1660 745 1726 dimidiam
783 1658 826 1724 de
864 1659 988 1724 honore
1027 1660 1260 1726 Richmondie

152 1763 283 1830 Ibidem
300 1766 458 1830 Warinus
474 1766 703 1830 Torchenesse
724 1775 759 1830 et
775 1764 941 1830 Radulfus
962 1766 1129 1851 Mateirey
1145 1777 1261 1833 tenent

149 1867 179 1952 .j.
195 1868 310 1933 hidam
331 1879 366 1933 et
385 1869 415 1951 .j.
431 1870 594 1952 virgatam
619 1879 705 1934 terre
724 1868 902 1952 geldabilis
923 1867 965 1934 de
986 1870 1112 1935 honore
1132 1871 1261 1948 eodem,

150 1983 186 2037 et
201 1973 326 2038 debent
340 1973 370 2056 .j.
385 1983 522 2053 sectam,
530 1983 565 2038 et
576 1975 619 2039 de
631 1973 760 2038 auxilio
771 1974 977 2038 vicecomitis
989 1975 1089 2038 .xx.d.
1129 1975 1260 2040 Ibidem

153 2077 321 2143 Robertus
336 2080 380 2144 de
395 2079 426 2143 le
446 2079 580 2143 Maner’
600 2087 693 2142 tenet
713 2077 744 2160 .j.
758 2078 875 2142 hidam
898 2088 985 2142 terre
1000 2079 1202 2162 geldabilem
1218 2079 1262 2146 de

150 2185 309 2270 episcopo
334 2185 483 2269 Elyensi,
504 2194 538 2249 et
560 2185 663 2249 debet
685 2183 714 2266 .j.
737 2194 874 2262 sectam,
896 2194 931 2248 et
954 2185 998 2248 de
1021 2185 1150 2250 auxilio
1176 2186 1261 2250 vice-

13 2325 16 2330 *
151 2289 284 2353 comitis
306 2287 388 2371 .vj.d.

216 2393 384 2458 Fulburne
399 2394 442 2476 [F
443 2393 608 2476 ulboum].
651 2393 836 2458 Nicholaus
851 2393 894 2457 de
911 2393 1006 2458 Bello
1021 2394 1154 2478 Campo
1170 2405 1263 2460 tenet

152 2497 288 2562 feodum
303 2497 434 2564 dimidii
456 2497 570 2562 militis
591 2498 634 2562 de
654 2497 793 2562 domino
815 2497 909 2580 Rege
929 2499 962 2561 in
979 2500 1097 2582 capite,
1113 2509 1147 2564 et
1162 2498 1264 2564 debet

150 2601 180 2664 .i.
196 2611 332 2677 sectam,
348 2611 381 2666 et
397 2600 440 2666 de
456 2600 584 2665 auxilio
600 2601 805 2664 vicecomitis
817 2600 916 2682 .iiij.s.,
927 2610 961 2665 et
977 2610 1070 2666 tenet
1085 2602 1150 2685 .iiij.
1165 2602 1263 2666 hidas

152 2713 238 2769 terre
268 2704 459 2788 geldabiles.
507 2703 637 2768 ibidem
670 2703 839 2769 Walterus
863 2704 906 2768 de
936 2705 1073 2770 Maners
1102 2715 1195 2770 tenet
1220 2708 1263 2772 de

153 2809 312 2892 episcopo
343 2809 491 2892 Elyensi,
516 2817 550 2872 et
580 2809 710 2873 solebat
740 2807 848 2872 iacere
877 2819 1013 2886 sectam,
1035 2819 1070 2874 et
1095 2810 1196 2875 debet
1220 2813 1263 2875 de

153 2913 281 2976 auxilio
297 2912 500 2976 vicecomitis
516 2911 582 2992 .ijs.
598 2911 682 2988 ‚xah
694 2921 727 2976 et
744 2921 836 2976 tenet
852 2913 905 2995 .iij.
917 2911 1014 2979 hidas
1029 2934 1094 2996 que
1110 2914 1264 2980 solebant

153 3037 225 3081 esse
262 3016 454 3100 geldabiies.
502 3015 632 3080 ibidem
671 3015 825 3099 Rogerus
862 3016 895 3080 la
932 3017 1045 3082 Zuche
1082 3029 1174 3084 tenet
1205 3041 1264 3103 per

152 3120 323 3202 socagium
347 3129 381 3184 et
403 3117 504 3182 debet
528 3118 598 3202 [de]
622 3119 750 3183 auxilio
769 3120 974 3184 vicecomitis
997 3120 1025 3203 .j.
1050 3141 1196 3187 marcam
1220 3124 1262 3188 de

153 3225 279 3288 honore
316 3223 546 3288 Richmondie.
610 3223 741 3290 Ibidem
779 3225 971 3290 Wiilelmus
1008 3227 1095 3292 filius
1134 3228 1260 3294 Warini

153 3339 246 3394 tenet
272 3329 407 3394 feodum
438 3331 568 3393 dimidii
594 3330 708 3394 militis
734 3331 777 3395 de
805 3330 939 3396 Comite
965 3331 1084 3395 Essex.
1123 3333 1260 3399 Hamon

155 3537 353 3602 Marescalio
375 3558 435 3620 per
456 3539 637 3620 socagium.

218 3642 363 3707 Hintone
395 3641 539 3725 [Cherry
574 3641 730 3726 Hinton].
776 3641 907 3707 Alanus
943 3645 987 3709 de
1022 3643 1134 3709 Neuill
1168 3657 1261 3712 tenet

153 3745 288 3810 feodum
327 3745 356 3828 .j.
395 3745 509 3810 militis
547 3745 589 3809 de
626 3747 751 3809 honore
788 3745 832 3810 de
870 3746 1071 3813 Richmond.
1129 3750 1262 3816 ibidem

153 3849 368 3935 J[0hannes]⁸
398 3850 484 3914 filius
517 3851 654 3915 Henrici
689 3859 781 3915 tenet
818 3849 952 3915 feodum
986 3851 1117 3917 dimidii
1147 3855 1263 3920 militis

153 3954 197 4018 de
226 3956 344 4018 eodem
377 3957 509 4019 honore.
571 3954 659 4018 Tota
689 3953 766 4018 villa
798 3953 900 4019 debet
930 3955 958 4038 .j.
990 3967 1126 4034 sectam,
1155 3969 1190 4022 et
1219 3961 1262 4024 de

153 4059 282 4124 auxilio
304 4059 508 4123 vicecomitis
531 4057 605 4141 viij.
628 4059 761 4123 solidos

383 4213 462 4276 ¹lib’‚
478 4216 535 4266 MS.

382 4295 393 4328 ⁸
411 4298 535 4348 Robertus
545 4297 578 4347 de
591 4297 720 4347 Maneriis.

382 4378 393 4411 ³
410 4381 459 4431 See
471 4381 513 4430 the
524 4390 630 4431 account
642 4379 671 4430 oi
680 4381 758 4430 Great
771 4380 935 4441 Wiibrahnm,
951 4398 976 4446 p.
990 4380 1046 4432 τότ.
