3192 5102
367 372 440 442 260
673 364 869 440 nummi
889 366 939 463 os
956 365 1119 464 Staplow
1350 361 1473 464 [soor

245 565 352 628 ωσι)
365 553 475 618 reddit
512 552 555 616 ad
593 551 781 635 scutagium
820 551 893 634 ,ij.d.
941 550 1069 615 Ibidem
1100 548 1201 613 debet
1230 549 1405 632 Johannes
1435 549 1477 611 de

365 655 536 722 Teresfeld
561 654 590 739 .j.
614 666 741 722 sectam
765 678 824 740 per
845 676 981 721 annum.
1028 655 1157 720 Ibidem
1180 655 1283 718 deber
1307 653 1477 717 Robertus

366 758 454 824 filius
468 761 598 825 Yuonis
614 761 643 844 .j.
659 771 784 827 sectam
807 783 866 845 per
881 781 1016 825 annum.
1062 759 1246 824 Abbatissa
1261 759 1304 822 de
1321 757 1477 822 Chateriz

365 873 458 928 tenet
473 863 501 947 .j.
517 864 631 929 hidam
649 875 733 930 terre
745 875 778 930 et
791 866 964 929 dimidiam
981 867 1024 930 de
1039 864 1139 928 feodo
1154 864 1300 948 episcopi
1319 863 1477 944 Elyensis

366 967 398 1032 in
416 967 553 1033 liberam
570 968 796 1034 elemosinam.

431 1072 627 1138 Landwade
648 1073 878 1158 [Landwadel
925 1073 1093 1138 Robertus
1115 1073 1158 1138 de
1176 1074 1361 1156 Hastinges
1384 1080 1477 1136 tenet

365 1177 407 1261 .1·j.
443 1177 540 1243 hidas
575 1188 661 1244 terre
695 1179 880 1262 geldabiles
915 1179 959 1243 de
993 1179 1118 1244 honore
1155 1176 1381 1242 Richmondie
1419 1199 1476 1260 per
1577 1183 1578 1188 ’

365 1282 541 1346 servicium
573 1282 662 1346 leodi
688 1284 785 1348 vnius
813 1283 935 1360 militis,
959 1293 993 1348 et
1020 1282 1121 1347 debet
1146 1283 1176 1365 .j.
1206 1293 1342 1358 sectam,
1373 1291 1407 1345 et
1435 1281 1477 1344 de
1577 1291 1578 1348 ἶ

366 1385 493 1451 auxliio
516 1387 720 1451 vicecomitis
741 1387 808 1471 ijs.
1576 1407 1578 1442 r

433 1489 857 1574 Snethelleffinailwell}
886 1491 1058 1574 Johannes
1069 1492 1112 1556 de
1123 1491 1218 1555 Vaus
1230 1499 1323 1554 tenet
1339 1488 1474 1553 feodum
1576 1481 1578 1520 ³

365 1695 443 1761 hide
473 1707 507 1761 et
536 1698 676 1763 dimidia
707 1698 901 1781 geldabiles,
927 1708 961 1762 et
990 1707 1063 1763 tota
1093 1698 1172 1763 villa
1201 1699 1244 1762 de
1276 1697 1476 1781 Sneylewell

366 1801 466 1866 debet
489 1801 516 1866 .ἰ.
539 1811 674 1879 sectam,
698 1812 732 1866 et
754 1804 798 1868 de
820 1803 948 1868 auxilio
970 1803 1175 1868 vicecomitis
1196 1824 1260 1868 .v.r.
1576 1787 1578 1818 ¹

441 1905 555 1987 Wykes
591 1905 770 1992 [Wicken].
830 1908 1008 1990 Wymerus
1046 1908 1088 1972 de
1122 1907 1348 1990 Thorington¹
1384 1917 1476 1973 tenet
1577 1899 1578 1910 ²

367 2008 502 2074 feodum
530 2010 558 2091 .j.
586 2011 700 2075 militis
731 2013 773 2075 de
802 2012 929 2076 honore
957 2012 1189 2077 Richmondie.
1236 2011 1366 2076 Ibidem
1398 2021 1476 2076 sunt

366 2113 1578 2199 ffifflmmfflfflfflmffiffli‘

368 2229 494 2284 sectam
518 2239 619 2303 quam
642 2219 814 2302 Johannes
838 2222 868 2285 le
892 2220 1061 2286 Siresman
1085 2221 1165 2286 lacit
1187 2241 1248 2305 pro
1270 2240 1319 2284 ea

434 2324 561 2389 Saltum
578 2325 743 2410 [Soham].
791 2326 964 2391 Hubertus
985 2326 1028 2391 de
1050 2327 1162 2409 Burgo
1182 2335 1275 2390 tenet
1296 2326 1477 2390 dImidium

367 2428 455 2493 feodi
494 2428 608 2494 militis
638 2431 681 2493 de
710 2430 849 2493 domino
880 2429 983 2512 Rege.
1030 2431 1203 2514 Philippus
1233 2429 1354 2494 Basset
1383 2439 1477 2494 tenet

366 2532 501 2598 feodum
532 2533 559 2598 .ἰ.
588 2533 712 2611 militis,
735 2542 770 2598 et
797 2533 962 2599 Radulsus
989 2535 1032 2598 de
1059 2533 1184 2600 Saham
1215 2543 1308 2597 tenet
1338 2532 1476 2598 feodum

366 2636 496 2702 dimidii
520 2637 634 2702 militis
660 2639 703 2703 de
728 2638 855 2703 honore
883 2635 1116 2704 Richmondie.
1162 2638 1292 2703 ibidem
1317 2647 1397 2702 sunt
1421 2639 1478 2702 .κί

366 2742 444 2807 hide
466 2753 553 2808 terre
575 2743 766 2826 geldabiles.

430 2847 536 2913 Kenet
558 2847 747 2931 [Kennett].
794 2849 978 2913 Nicholaus
1004 2848 1048 2912 de
1079 2847 1192 2912 Kenet
1222 2856 1315 2911 tenet
1339 2847 1476 2912 feodum

365 2952 394 3034 .j.
419 2953 534 3016 militis
556 2960 591 3016 et
612 2952 743 3016 dimidii
766 2953 810 3018 de
833 2953 966 3019 Comite
986 2952 1029 3016 de
1046 2952 1203 3016 Warentl.
1250 2951 1380 3016 Ibidem
1398 2963 1477 3015 sunt
1575 2991 1577 3046 4

366 3056 420 3138 iij.
446 3055 534 3121 hide'
554 3065 588 3120 et
613 3057 753 3122 dimidia
780 3079 846 3122 non
877 3058 1070 3142 geldabileS,
1102 3067 1137 3122 et
1166 3066 1239 3121 tota
1265 3054 1344 3121 villa
1375 3057 1477 3122 debet
1575 3051 1577 3142 l

367 3167 503 3238 sectam,
524 3169 559 3225 et
581 3181 648 3224 non
672 3160 837 3226 auxilium
860 3161 1074 3228 vicecomitis,
1575 3145 1577 3232 l

441 3261 590 3327 I'selham
606 3263 793 3350 [lsleham].
833 3265 1002 3330 Walterus
1015 3267 1058 3330 de
1070 3264 1313 3330 Donestanwill
1326 3273 1421 3330 tenet
1435 3265 1477 3348 ij.
1574 3233 1577 3384 Ι

367 3375 479 3450 partes
501 3366 650 3432 eiusdem
669 3367 747 3432 ville
766 3389 825 3450 per
848 3369 1044 3434 serianciam
1064 3369 1107 3434 de
1125 3368 1252 3434 honore
1275 3369 1317 3432 dc
1334 3367 1478 3433 Meldh'²
1574 3387 1576 3474 l

367 3491 434 3536 non
465 3470 657 3554 geldabiles
704 3471 834 3538 Ibidem
873 3483 965 3538 tenet
997 3473 1166 3537 Robertus
1196 3471 1282 3536 lilius
1314 3471 1475 3536 Willelnri
1574 3477 1576 3508 ⁷

368 3574 531 3662 [feodum]
547 3575 676 3641 dimidii
699 3577 813 3640 militis
833 3579 876 3642 de
891 3578 1049 3662 episcopo
1072 3577 1317 3654 Roucestrensi,
1332 3585 1367 3640 et
1382 3585 1477 3641 tenet
1575 3595 1576 3598 ’

365 3683 395 3748 .i.
417 3680 531 3746 hidam
554 3690 589 3745 et
611 3681 793 3746 dimidiam.
841 3681 972 3772 Ibidem
998 3681 1166 3746 Robertus
1189 3689 1223 3744 et
1238 3679 1398 3744 homines
1425 3681 1476 3744 sui
1575 3667 1576 3690 ³

366 3785 491 3852 debent
513 3785 542 3851 .ἰ.
561 3795 697 3863 sectam,
717 3795 751 3850 et
773 3787 817 3851 de
839 3786 967 3852 auxilio
989 3785 1193 3851 vicecomitis
1215 3785 1291 3850 ,xvi
1312 3785 1477 3850 denarios,

366 3891 454 3957 Clai.
500 3889 592 3954 Prior
628 3890 672 3955 de
709 3889 778 3974 Ely
807 3900 901 3956 tenet
929 3891 959 3956 .ἰ.
987 3889 1103 3955 hidam
1141 3899 1228 3954 terre
1264 3889 1299 3953 in
1337 3889 1475 3954 liberam

366 3995 595 4062 elemosinam.

431 4099 551 4164 Parua
569 4097 719 4163 I'selham
732 4097 852 4182 [Little
870 4097 1039 4182 Isleham].
1070 4098 1238 4163 Walterus
1254 4097 1297 4162 de
1312 4097 1476 4163 Yselham

366 4211 459 4270 tenet
481 4202 558 4267 .xlv.
580 4221 673 4268 acras
696 4211 782 4267 terre
811 4202 854 4267 de
877 4201 1026 4268 Waltero
1056 4202 1100 4266 de
1130 4201 1389 4267 Dunestanuille
1419 4223 1477 4286 per

481 4371 489 4405 ¹
507 4373 659 4438 Corrigiton,
672 4373 730 4424 MS.
764 4373 1090 4439 Thorington=Thornton
1102 4372 1127 4424 le
1139 4373 1262 4432 Stevard,
1274 4372 1366 4424 Yorks.

480 4458 638 4517 ’Mileham
657 4457 772 4510 Norlolk.
