3192 5102
341 383 359 430 2
365 381 413 452 34
507 359 628 432 Fresh
655 360 833 434 taxatian.
895 361 933 434 T
928 360 973 434 ha
999 361 1123 436 Welsh
1150 362 1283 436 Raoalt
1328 361 1450 460 [soors

358 583 409 662 48.
454 583 505 647 De
527 585 694 648 medietate
715 587 867 650 botrorum
891 589 1114 671 temporalium
1136 600 1168 653 at
1188 589 1425 672 spiritualium,

470 699 501 752 et
521 688 644 753 daciam
667 689 837 772 laycorum,
858 703 995 755 etsexta
1016 693 1149 757 denaria
1172 691 1309 757 urbium.

403 837 506 902 Anno
528 839 646 902 eodem
678 839 710 902 in
735 839 822 904 sesto
851 841 958 902 sancti
983 839 1110 904 Mathei
1135 839 1278 922 apostoli
1309 838 1446 904 additur

336 941 432 1005 dolor
469 941 584 1006 dolori.
631 942 707 1006 Rex
744 944 833 1006 enim
872 952 1058 1008 conuocato
1095 953 1167 1008 toto
1205 942 1294 1008 clero
1324 945 1446 1028 petiuit

338 1046 551 1111 medietatem
568 1049 718 1112 omnium
730 1049 894 1113 bonorum
907 1069 1041 1122 suorum
1059 1058 1128 1114 tam
1143 1049 1187 1114 de
1201 1049 1444 1133 temporalibus

336 1173 437 1235 quam
460 1152 504 1216 de
524 1153 750 1237 spiritualibus
772 1156 955 1218 secundum
972 1155 1123 1220 ultimam
1143 1155 1357 1219 taxacionem
1378 1176 1445 1238 que

336 1266 407 1320 erat
422 1257 626 1338 grauissima
665 1257 824 1342 Episcopi
837 1269 1080 1338 concesserunt,
1095 1261 1153 1324 sed
1169 1261 1393 1325 archidiaconi
1408 1269 1445 1324 et

337 1359 505 1424 inferiores
531 1362 816 1428 contradixerunt.
862 1364 1016 1429 Tandem
1047 1385 1172 1440 omnes,
1202 1365 1354 1430 nolentes
1384 1385 1443 1428 seu

336 1465 495 1543 uolentes,
510 1480 751 1533 concesserunt
799 1469 845 1533 Et
867 1471 900 1532 in
926 1469 1010 1534 sesto
1032 1471 1138 1535 sancti
1162 1469 1298 1535 Martini
1322 1470 1444 1554 petiuit

174 1577 183 1606 ¹
225 1578 276 1657 fv·
335 1571 500 1635 decimam
524 1595 544 1636 a
571 1573 684 1657 laycis,
706 1585 741 1638 et
763 1596 783 1638 a
806 1576 1026 1658 burgensibus
1054 1575 1183 1640 urbium
1209 1587 1243 1640 et
1266 1577 1441 1640 ciuitatum

336 1686 470 1740 sextum
508 1677 690 1754 denarium,
729 1689 763 1743 et
800 1681 955 1764 optinuit,
991 1681 1070 1765 quia
1108 1680 1217 1745 nullus
1254 1703 1355 1746 ausus
1391 1691 1442 1746 est

335 1782 584 1847 contradicere¹.
624 1783 700 1846 Rex
714 1805 793 1849 uero
805 1795 884 1850 tunc
897 1785 1057 1869 temporis
1070 1785 1132 1850 suit
1143 1787 1232 1869 apud
1247 1787 1440 1850 Portesmue

335 1906 410 1949 cum
448 1887 597 1950 exercitu
636 1908 768 1971 magno,
805 1901 842 1953 vt
887 1889 1115 1954 transfretaret
1158 1890 1201 1954 ad
1241 1891 1438 1973 capiendam

335 1991 559 2066 Wasconiam,
575 1992 633 2057 sed
654 1993 734 2077 quia
753 1995 847 2078 quasi
870 2015 928 2078 per
949 2006 1015 2060 tres
1037 2015 1167 2059 menses
1189 2005 1308 2059 uentus
1323 2005 1393 2058 erat
1410 1995 1439 2058 ei

334 2097 517 2161 contrarius
533 2095 744 2162 transfretare
761 2119 827 2163 non
844 2099 961 2182 potuit

172 2243 224 2286 Th,
239 2245 318 2286 mo„
401 2201 574 2266 Walenses
612 2223 691 2266 uero
728 2204 870 2268 scientes
912 2204 1041 2287 Regem
1082 2203 1205 2286 Anglie
1243 2214 1321 2268 ωηο
1358 2204 1441 2268 satis

170 2293 271 2387 ῗῷξῗξὴ,
335 2317 535 2388 occupatum
560 2307 733 2390 castellum
763 2311 854 2392 quod
880 2308 956 2374 Rex
980 2320 1212 2374 construxerat
1238 2310 1327 2393 apud
1355 2310 1441 2374 Kar-

337 2432 461 2476 naruan
478 2413 626 2476 totaliter
648 2414 894 2488 destruxerunt,
915 2424 948 2479 et
966 2415 1128 2498 Anglicos
1151 2413 1392 2490 interfecerunt,
1408 2425 1442 2478 et

336 2516 441 2581 multa
480 2516 568 2580 mala
598 2517 631 2580 in
662 2529 892 2601 contemptum
925 2518 1029 2601 Regis
1060 2517 1184 2601 Anglie
1220 2519 1377 2593 iecerunt,
1407 2531 1442 2584 et

337 2621 482 2686 Maddoc
506 2620 608 2685 filium
635 2621 746 2685 Dauid
772 2621 954 2705 principem
972 2623 1093 2686 Wallie
1115 2633 1310 2687 statuerunt
1360 2623 1442 2687 Ideo

336 2743 395 2786 rex
411 2722 535 2804 Anglie
550 2741 626 2786 cum
642 2722 792 2787 exercitu
810 2743 934 2805 magno
950 2723 1097 2808 perrexit
1113 2723 1145 2788 in
1164 2721 1329 2787 Walliam.

360 2945 410 3008 49.
457 2927 508 2991 De
529 2925 769 3009 archispiscopo
794 2925 1028 2994 Cantuariensi
1047 2937 1078 2990 et
1093 2929 1197 3009 gestas
1218 2928 1253 2992 irr
1285 2927 1414 2992 Walla.

260 3081 276 3129 s,
289 3097 322 3146 90
402 3057 564 3140 Magister
577 3055 772 3140 R[0bertus]
786 3058 829 3120 de
842 3056 1044 3122 Winclesee²
1055 3056 1180 3120 electus
1190 3057 1441 3122 Cantuariensis

172 3156 262 3248 ξξζζη
336 3171 512 3244 postquam
538 3162 684 3225 stetisset
708 3162 741 3224 in
766 3161 866 3226 Curia
898 3161 1053 3225 Romana
1077 3182 1135 3245 per
1158 3161 1337 3238 biennium,
1359 3165 1440 3246 quia

170 3257 299 3360 ΥζζἭζ
335 3265 478 3330 uacabat
500 3268 590 3329 curia
613 3287 671 3348 per
701 3265 901 3330 discordiam
930 3265 1156 3332 Cardinalium
1188 3289 1229 3330 eo
1258 3269 1347 3351 quod
1372 3289 1438 3333 non

170 3357 311 3460 ssssssffnm'
334 3381 514 3454 potuerunt
550 3371 736 3435 consentire
766 3371 799 3434 in
830 3391 962 3453 papam,
992 3373 1129 3436 tandem
1161 3371 1375 3436 confirmatus
1405 3385 1440 3438 et

170 3459 297 3553 2¹:333,AE
334 3485 545 3540 consecratus
557 3474 655 3558 redijt
668 3476 700 3539 in
712 3475 883 3558 Angliam,
894 3483 927 3538 et
937 3475 1098 3558 applicuit
1108 3474 1162 3538 die
1172 3476 1439 3540 circumcisionis.

170 3559 258 3652 {lii}
336 3581 380 3645 Et
396 3589 476 3646 tunc
491 3580 695 3645 transeundo
716 3600 830 3644 uersus
853 3579 981 3664 Regem
1003 3581 1058 3663 qui
1074 3592 1155 3645 ωηο
1170 3589 1242 3644 erat
1257 3581 1290 3643 in
1307 3579 1440 3657 Wallia,

170 3665 228 3750 lit*
241 3672 255 3702 ⁸
277 3674 304 3706 “
332 3685 565 3768 hospitabatur
587 3686 677 3768 apud
702 3683 902 3749 Bernewelle
925 3685 979 3749 die
1002 3685 1172 3749 dominica
1187 3685 1342 3768 proxima
1363 3696 1440 3769 post

169 3759 192 3851 d
193 3760 318 3867 liridi&
332 3790 421 3856 diem
449 3789 648 3874 Epiphanie.
694 3790 740 3854 Et
770 3785 938 3873 processio
968 3790 1204 3854 canonicorum
1231 3800 1264 3854 et
1288 3791 1437 3854 omnium

333 3896 471 3961 fratrum
496 3895 721 3978 Cantabrigie,
744 3906 778 3959 et
801 3893 1034 3970 uniuersitatis,
1058 3905 1092 3959 et
1117 3894 1339 3970 sacerdotum,
1362 3915 1438 3959 cum

335 4021 458 4085 magna
472 4000 723 4084 sollempnitate
745 4001 852 4066 exiuit
872 3999 1006 4063 obuiam
1029 4001 1068 4064 ei.
1114 3999 1160 4064 Et
1179 4001 1328 4064 canonici
1345 4012 1440 4066 erant

334 4107 367 4170 in
390 4107 506 4190 cappis
529 4107 649 4170 sericis.
695 4106 740 4170 Et
765 4105 852 4171 iacta
874 4115 925 4169 est
948 4106 1058 4170 leticia
1083 4127 1206 4188 magna
1226 4105 1269 4169 de
1290 4107 1440 4172 aduentu

334 4213 439 4295 patris
461 4224 495 4278 et
518 4213 670 4296 pastoris.

496 4375 503 4407 ¹
522 4377 625 4438 Stubbs,
642 4377 724 4426 Const.
738 4376 805 4425 Hr'st.
818 4376 859 4425 ed.
876 4378 945 4438 1875,
961 4387 991 4424 11.
1007 4374 1060 4434 126,
1076 4390 1130 4438 ιη,

498 4457 509 4489 ¹
527 4459 622 4510 Robert
634 4459 802 4523 Wincbelsey,
817 4459 877 4524 Abp
889 4457 918 4508 of
926 4458 1090 4522 Canterbury,
1107 4473 1276 4523 ¹²94-1313·
