<?xml version="1.0" encoding="UTF-8"?>
<!DOCTYPE html PUBLIC "-//W3C//DTD XHTML 1.0 Transitional//EN"
    "http://www.w3.org/TR/xhtml1/DTD/xhtml1-transitional.dtd">
<html xmlns="http://www.w3.org/1999/xhtml" xml:lang="en" lang="en">
 <head>
  <title>
</title>
<meta http-equiv="Content-Type" content="text/html;charset=utf-8" />
  <meta name='ocr-system' content='tesseract 3.04.00' />
  <meta name='ocr-capabilities' content='ocr_page ocr_carea ocr_par ocr_line ocrx_word'/>
</head>
<body>
  <div class='ocr_page' id='page_1' title='image "./libermemorandor00maitgoog_0321.png"; bbox 0 0 3192 5102; ppageno 0'>
   <div class='ocr_carea' id='block_1_1' title="bbox 124 373 1233 476">
    <p class='ocr_par' dir='ltr' id='par_1_1' title="bbox 124 373 1233 476">
     <span class='ocr_line' id='line_1_1' title="bbox 124 373 1233 476; baseline -0.007 -25"><span class='ocrx_word' id='word_1_1' title='bbox 124 375 182 476; x_wconf 77' lang='lat' dir='ltr'>vr]</span> <span class='ocrx_word' id='word_1_2' title='bbox 450 375 644 450; x_wconf 78' lang='lat' dir='ltr'>Hundred</span> <span class='ocrx_word' id='word_1_3' title='bbox 663 375 711 472; x_wconf 83' lang='lat' dir='ltr'>os</span> <span class='ocrx_word' id='word_1_4' title='bbox 730 373 912 471; x_wconf 81' lang='lat' dir='ltr'>Chilsord</span> <span class='ocrx_word' id='word_1_5' title='bbox 1164 390 1233 463; x_wconf 88' lang='lat'>253</span> 
     </span>
    </p>
   </div>
   <div class='ocr_carea' id='block_1_2' title="bbox 127 557 1240 1483">
    <p class='ocr_par' dir='ltr' id='par_1_2' title="bbox 127 557 1240 1483">
     <span class='ocr_line' id='line_1_2' title="bbox 192 557 1238 646; baseline -0.007 -20"><span class='ocrx_word' id='word_1_6' title='bbox 192 559 698 646; x_wconf 67' lang='lat' dir='ltr'>Haselingfeldfflaslingfield}</span> <span class='ocrx_word' id='word_1_7' title='bbox 743 559 936 644; x_wconf 89' lang='lat' dir='ltr'>Stephanus</span> <span class='ocrx_word' id='word_1_8' title='bbox 946 561 989 623; x_wconf 90' lang='lat' dir='ltr'>de</span> <span class='ocrx_word' id='word_1_9' title='bbox 1001 557 1132 624; x_wconf 89' lang='lat' dir='ltr'>Sumeri</span> <span class='ocrx_word' id='word_1_10' title='bbox 1145 565 1238 621; x_wconf 88' lang='lat' dir='ltr'>tenet</span> 
     </span>
     <span class='ocr_line' id='line_1_3' title="bbox 127 661 1238 750; baseline -0.006 -18"><span class='ocrx_word' id='word_1_11' title='bbox 127 667 263 732; x_wconf 85' lang='lat' dir='ltr'>feodum</span> <span class='ocrx_word' id='word_1_12' title='bbox 284 668 415 732; x_wconf 92' lang='lat' dir='ltr'>dimidii</span> <span class='ocrx_word' id='word_1_13' title='bbox 440 667 554 732; x_wconf 85' lang='lat' dir='ltr'>militis</span> <span class='ocrx_word' id='word_1_14' title='bbox 575 667 618 731; x_wconf 89' lang='lat' dir='ltr'>de</span> <span class='ocrx_word' id='word_1_15' title='bbox 638 665 777 731; x_wconf 88' lang='lat' dir='ltr'>domino</span> <span class='ocrx_word' id='word_1_16' title='bbox 794 665 888 750; x_wconf 84' lang='lat' dir='ltr'>Rege</span> <span class='ocrx_word' id='word_1_17' title='bbox 904 666 936 729; x_wconf 93' lang='lat' dir='ltr'>in</span> <span class='ocrx_word' id='word_1_18' title='bbox 954 665 1073 748; x_wconf 90' lang='lat' dir='ltr'>capite,</span> <span class='ocrx_word' id='word_1_19' title='bbox 1088 673 1123 727; x_wconf 90' lang='lat' dir='ltr'>et</span> <span class='ocrx_word' id='word_1_20' title='bbox 1137 661 1238 727; x_wconf 90' lang='lat' dir='ltr'>debet</span> 
     </span>
     <span class='ocr_line' id='line_1_4' title="bbox 128 767 1237 837; baseline -0.006 -2"><span class='ocrx_word' id='word_1_21' title='bbox 128 773 155 837; x_wconf 92' lang='lat' dir='ltr'>.i.</span> <span class='ocrx_word' id='word_1_22' title='bbox 172 781 298 836; x_wconf 84' lang='lat' dir='ltr'>sectam</span> <span class='ocrx_word' id='word_1_23' title='bbox 320 781 354 836; x_wconf 91' lang='lat' dir='ltr'>et</span> <span class='ocrx_word' id='word_1_24' title='bbox 375 771 418 836; x_wconf 92' lang='lat' dir='ltr'>de</span> <span class='ocrx_word' id='word_1_25' title='bbox 439 771 567 836; x_wconf 87' lang='lat' dir='ltr'>auxilio</span> <span class='ocrx_word' id='word_1_26' title='bbox 582 770 788 835; x_wconf 84' lang='lat' dir='ltr'>vicecomitis</span> <span class='ocrx_word' id='word_1_27' title='bbox 806 791 868 834; x_wconf 75' lang='lat' dir='ltr'>vs.</span> <span class='ocrx_word' id='word_1_28' title='bbox 916 768 1046 833; x_wconf 91' lang='lat' dir='ltr'>Ibidem</span> <span class='ocrx_word' id='word_1_29' title='bbox 1070 767 1237 832; x_wconf 87' lang='lat' dir='ltr'>Robertus</span> 
     </span>
     <span class='ocr_line' id='line_1_5' title="bbox 127 871 1237 942; baseline -0.007 0"><span class='ocrx_word' id='word_1_30' title='bbox 127 879 171 942; x_wconf 90' lang='lat' dir='ltr'>de</span> <span class='ocrx_word' id='word_1_31' title='bbox 203 877 359 942; x_wconf 87' lang='lat' dir='ltr'>Scaiariis</span> <span class='ocrx_word' id='word_1_32' title='bbox 389 876 489 940; x_wconf 89' lang='lat' dir='ltr'>debet</span> <span class='ocrx_word' id='word_1_33' title='bbox 520 876 548 940; x_wconf 90' lang='lat' dir='ltr'>.i.</span> <span class='ocrx_word' id='word_1_34' title='bbox 579 886 705 940; x_wconf 84' lang='lat' dir='ltr'>sectam</span> <span class='ocrx_word' id='word_1_35' title='bbox 736 883 771 939; x_wconf 89' lang='lat' dir='ltr'>et</span> <span class='ocrx_word' id='word_1_36' title='bbox 799 875 844 939; x_wconf 88' lang='lat' dir='ltr'>de</span> <span class='ocrx_word' id='word_1_37' title='bbox 874 874 1002 938; x_wconf 87' lang='lat' dir='ltr'>auxilio</span> <span class='ocrx_word' id='word_1_38' title='bbox 1031 871 1237 936; x_wconf 86' lang='lat' dir='ltr'>vicecomitis</span> 
     </span>
     <span class='ocr_line' id='line_1_6' title="bbox 128 966 1237 1063; baseline -0.005 -19"><span class='ocrx_word' id='word_1_39' title='bbox 128 982 229 1063; x_wconf 83' lang='lat' dir='ltr'>.xij.d.</span> <span class='ocrx_word' id='word_1_40' title='bbox 276 981 434 1046; x_wconf 89' lang='lat' dir='ltr'>Priorissa</span> <span class='ocrx_word' id='word_1_41' title='bbox 449 980 493 1044; x_wconf 89' lang='lat' dir='ltr'>de</span> <span class='ocrx_word' id='word_1_42' title='bbox 509 978 677 1046; x_wconf 83' lang='lat' dir='ltr'>Stratiord</span> <span class='ocrx_word' id='word_1_43' title='bbox 698 988 791 1044; x_wconf 90' lang='lat' dir='ltr'>tenet</span> <span class='ocrx_word' id='word_1_44' title='bbox 813 966 948 1042; x_wconf 83' lang='lat' dir='ltr'>feodum</span> <span class='ocrx_word' id='word_1_45' title='bbox 972 976 1101 1040; x_wconf 90' lang='lat' dir='ltr'>dimidii</span> <span class='ocrx_word' id='word_1_46' title='bbox 1123 974 1237 1038; x_wconf 88' lang='lat' dir='ltr'>militis</span> 
     </span>
     <span class='ocr_line' id='line_1_7' title="bbox 128 1078 1237 1166; baseline -0.008 -15"><span class='ocrx_word' id='word_1_47' title='bbox 128 1087 171 1151; x_wconf 90' lang='lat' dir='ltr'>de</span> <span class='ocrx_word' id='word_1_48' title='bbox 197 1083 330 1152; x_wconf 90' lang='lat' dir='ltr'>Comite</span> <span class='ocrx_word' id='word_1_49' title='bbox 354 1088 398 1150; x_wconf 87' lang='lat' dir='ltr'>de</span> <span class='ocrx_word' id='word_1_50' title='bbox 425 1085 621 1150; x_wconf 88' lang='lat' dir='ltr'>Mandcuili.</span> <span class='ocrx_word' id='word_1_51' title='bbox 668 1085 798 1149; x_wconf 87' lang='lat' dir='ltr'>ibidem</span> <span class='ocrx_word' id='word_1_52' title='bbox 831 1083 945 1166; x_wconf 80' lang='lat' dir='ltr'>Roget</span> <span class='ocrx_word' id='word_1_53' title='bbox 974 1082 1018 1146; x_wconf 91' lang='lat' dir='ltr'>de</span> <span class='ocrx_word' id='word_1_54' title='bbox 1048 1078 1237 1146; x_wconf 83' lang='lat' dir='ltr'>Meldesord</span> 
     </span>
     <span class='ocr_line' id='line_1_8' title="bbox 129 1185 1239 1273; baseline -0.009 -17"><span class='ocrx_word' id='word_1_55' title='bbox 129 1200 223 1256; x_wconf 86' lang='lat' dir='ltr'>tenet</span> <span class='ocrx_word' id='word_1_56' title='bbox 247 1191 276 1273; x_wconf 87' lang='lat' dir='ltr'>.j.</span> <span class='ocrx_word' id='word_1_57' title='bbox 302 1189 416 1256; x_wconf 85' lang='lat' dir='ltr'>hidam</span> <span class='ocrx_word' id='word_1_58' title='bbox 444 1201 478 1256; x_wconf 87' lang='lat' dir='ltr'>et</span> <span class='ocrx_word' id='word_1_59' title='bbox 502 1190 677 1255; x_wconf 87' lang='lat' dir='ltr'>dimidiam</span> <span class='ocrx_word' id='word_1_60' title='bbox 705 1189 749 1254; x_wconf 89' lang='lat' dir='ltr'>de</span> <span class='ocrx_word' id='word_1_61' title='bbox 779 1188 917 1253; x_wconf 87' lang='lat' dir='ltr'>Abbate</span> <span class='ocrx_word' id='word_1_62' title='bbox 947 1185 1150 1251; x_wconf 87' lang='lat' dir='ltr'>Eboracensi</span> <span class='ocrx_word' id='word_1_63' title='bbox 1181 1205 1239 1268; x_wconf 89' lang='lat' dir='ltr'>per</span> 
     </span>
     <span class='ocr_line' id='line_1_9' title="bbox 129 1290 1240 1378; baseline -0.008 -18"><span class='ocrx_word' id='word_1_64' title='bbox 129 1297 310 1378; x_wconf 80' lang='lat' dir='ltr'>socagium,</span> <span class='ocrx_word' id='word_1_65' title='bbox 337 1305 371 1360; x_wconf 93' lang='lat' dir='ltr'>et</span> <span class='ocrx_word' id='word_1_66' title='bbox 397 1294 498 1360; x_wconf 87' lang='lat' dir='ltr'>debet</span> <span class='ocrx_word' id='word_1_67' title='bbox 526 1305 664 1361; x_wconf 77' lang='lat' dir='ltr'>sectam.</span> <span class='ocrx_word' id='word_1_68' title='bbox 718 1294 848 1360; x_wconf 90' lang='lat' dir='ltr'>Ibidem</span> <span class='ocrx_word' id='word_1_69' title='bbox 879 1303 959 1358; x_wconf 88' lang='lat' dir='ltr'>sunt</span> <span class='ocrx_word' id='word_1_70' title='bbox 987 1291 1066 1356; x_wconf 77' lang='lat' dir='ltr'>,xiii</span> <span class='ocrx_word' id='word_1_71' title='bbox 1097 1290 1177 1354; x_wconf 87' lang='lat' dir='ltr'>hide</span> <span class='ocrx_word' id='word_1_72' title='bbox 1206 1299 1240 1352; x_wconf 90' lang='lat' dir='ltr'>et</span> 
     </span>
     <span class='ocr_line' id='line_1_10' title="bbox 130 1398 485 1483; baseline -0.003 -18"><span class='ocrx_word' id='word_1_73' title='bbox 130 1400 271 1465; x_wconf 90' lang='lat' dir='ltr'>dimidia</span> <span class='ocrx_word' id='word_1_74' title='bbox 293 1398 485 1483; x_wconf 83' lang='lat' dir='ltr'>geldabiles.</span> 
     </span>
    </p>
   </div>
   <div class='ocr_carea' id='block_1_3' title="bbox 354 1664 1007 1752">
    <p class='ocr_par' dir='ltr' id='par_1_3' title="bbox 354 1664 1007 1752">
     <span class='ocr_line' id='line_1_11' title="bbox 354 1664 1007 1752; baseline 0.002 -22"><span class='ocrx_word' id='word_1_75' title='bbox 354 1665 558 1731; x_wconf 83' lang='lat' dir='ltr'>Hundrea&#39;us</span> <span class='ocrx_word' id='word_1_76' title='bbox 579 1664 620 1730; x_wconf 81' lang='lat' dir='ltr'>de</span> <span class='ocrx_word' id='word_1_77' title='bbox 643 1665 799 1747; x_wconf 80' lang='lat' dir='ltr'>Chilfora&#39;</span> <span class='ocrx_word' id='word_1_78' title='bbox 819 1666 1007 1752; x_wconf 89' lang='lat' dir='ltr'>[Chilsord].</span> 
     </span>
    </p>
   </div>
   <div class='ocr_carea' id='block_1_4' title="bbox 131 1819 1245 4498">
    <p class='ocr_par' dir='ltr' id='par_1_4' title="bbox 198 1819 990 1905">
     <span class='ocr_line' id='line_1_12' title="bbox 198 1819 990 1905; baseline -0.003 -19"><span class='ocrx_word' id='word_1_79' title='bbox 198 1819 354 1905; x_wconf 82' lang='lat' dir='ltr'>Caumpes</span> <span class='ocrx_word' id='word_1_80' title='bbox 369 1819 662 1905; x_wconf 70' lang='lat' dir='ltr'>[Cestio-Camps}</span> <span class='ocrx_word' id='word_1_81' title='bbox 708 1821 829 1886; x_wconf 88' lang='lat' dir='ltr'>Comes</span> <span class='ocrx_word' id='word_1_82' title='bbox 846 1821 990 1886; x_wconf 88' lang='lat' dir='ltr'>Oxonie.</span> 
     </span>
    </p>

    <p class='ocr_par' dir='ltr' id='par_1_5' title="bbox 131 1924 1241 2428">
     <span class='ocr_line' id='line_1_13' title="bbox 198 1924 1239 2010; baseline -0.003 -19"><span class='ocrx_word' id='word_1_83' title='bbox 198 1926 410 2009; x_wconf 76' lang='lat' dir='ltr'>Sudecampes</span> <span class='ocrx_word' id='word_1_84' title='bbox 453 1924 752 2010; x_wconf 87' lang='lat' dir='ltr'>[Shudy·Camps].</span> <span class='ocrx_word' id='word_1_85' title='bbox 821 1925 1010 1990; x_wconf 90' lang='lat' dir='ltr'>Willelmus</span> <span class='ocrx_word' id='word_1_86' title='bbox 1056 1926 1160 1989; x_wconf 90' lang='lat' dir='ltr'>Burre</span> <span class='ocrx_word' id='word_1_87' title='bbox 1204 1935 1239 1988; x_wconf 87' lang='lat' dir='ltr'>et</span> 
     </span>
     <span class='ocr_line' id='line_1_14' title="bbox 131 2030 1239 2116; baseline -0.003 -20"><span class='ocrx_word' id='word_1_88' title='bbox 131 2033 311 2116; x_wconf 84' lang='lat' dir='ltr'>participes</span> <span class='ocrx_word' id='word_1_89' title='bbox 335 2033 384 2095; x_wconf 93' lang='lat' dir='ltr'>sui</span> <span class='ocrx_word' id='word_1_90' title='bbox 401 2042 517 2095; x_wconf 88' lang='lat' dir='ltr'>tenent</span> <span class='ocrx_word' id='word_1_91' title='bbox 540 2031 674 2096; x_wconf 83' lang='lat' dir='ltr'>feodum</span> <span class='ocrx_word' id='word_1_92' title='bbox 693 2031 720 2114; x_wconf 85' lang='lat' dir='ltr'>.j.</span> <span class='ocrx_word' id='word_1_93' title='bbox 744 2033 858 2096; x_wconf 89' lang='lat' dir='ltr'>militis</span> <span class='ocrx_word' id='word_1_94' title='bbox 880 2031 923 2095; x_wconf 92' lang='lat' dir='ltr'>de</span> <span class='ocrx_word' id='word_1_95' title='bbox 947 2031 1084 2096; x_wconf 91' lang='lat' dir='ltr'>baronia</span> <span class='ocrx_word' id='word_1_96' title='bbox 1106 2030 1239 2095; x_wconf 86' lang='lat' dir='ltr'>Ricardi</span> 
     </span>
     <span class='ocr_line' id='line_1_15' title="bbox 132 2135 1239 2217; baseline -0.003 -17"><span class='ocrx_word' id='word_1_97' title='bbox 132 2138 175 2200; x_wconf 92' lang='lat' dir='ltr'>de</span> <span class='ocrx_word' id='word_1_98' title='bbox 199 2135 391 2201; x_wconf 86' lang='lat' dir='ltr'>Munfichet.</span> <span class='ocrx_word' id='word_1_99' title='bbox 439 2136 570 2200; x_wconf 90' lang='lat' dir='ltr'>Ibidem</span> <span class='ocrx_word' id='word_1_100' title='bbox 588 2136 777 2200; x_wconf 88' lang='lat' dir='ltr'>Willelmus</span> <span class='ocrx_word' id='word_1_101' title='bbox 799 2137 843 2200; x_wconf 90' lang='lat' dir='ltr'>de</span> <span class='ocrx_word' id='word_1_102' title='bbox 867 2135 1066 2217; x_wconf 90' lang='lat' dir='ltr'>Knapwelle</span> <span class='ocrx_word' id='word_1_103' title='bbox 1089 2135 1189 2198; x_wconf 86' lang='lat' dir='ltr'>debet</span> <span class='ocrx_word' id='word_1_104' title='bbox 1212 2135 1239 2199; x_wconf 93' lang='lat' dir='ltr'>.i.</span> 
     </span>
     <span class='ocr_line' id='line_1_16' title="bbox 132 2237 1241 2324; baseline -0.002 -19"><span class='ocrx_word' id='word_1_105' title='bbox 132 2251 257 2305; x_wconf 87' lang='lat' dir='ltr'>sectam</span> <span class='ocrx_word' id='word_1_106' title='bbox 286 2261 346 2323; x_wconf 93' lang='lat' dir='ltr'>pro</span> <span class='ocrx_word' id='word_1_107' title='bbox 373 2240 546 2305; x_wconf 85' lang='lat' dir='ltr'>totavilla</span> <span class='ocrx_word' id='word_1_108' title='bbox 571 2261 788 2324; x_wconf 89' lang='lat' dir='ltr'>perannum.</span> <span class='ocrx_word' id='word_1_109' title='bbox 836 2240 967 2304; x_wconf 84' lang='lat' dir='ltr'>Ibidem</span> <span class='ocrx_word' id='word_1_110' title='bbox 994 2251 1072 2304; x_wconf 92' lang='lat' dir='ltr'>sunt</span> <span class='ocrx_word' id='word_1_111' title='bbox 1098 2241 1139 2322; x_wconf 89' lang='lat' dir='ltr'>.ij.</span> <span class='ocrx_word' id='word_1_112' title='bbox 1162 2237 1241 2303; x_wconf 90' lang='lat' dir='ltr'>hide</span> 
     </span>
     <span class='ocr_line' id='line_1_17' title="bbox 133 2343 325 2428; baseline -0.01 -19"><span class='ocrx_word' id='word_1_113' title='bbox 133 2343 325 2428; x_wconf 84' lang='lat' dir='ltr'>geldabiies.</span> 
     </span>
    </p>

    <p class='ocr_par' dir='ltr' id='par_1_6' title="bbox 134 2448 1240 2742">
     <span class='ocr_line' id='line_1_18' title="bbox 198 2448 1240 2534; baseline -0.002 -20"><span class='ocrx_word' id='word_1_114' title='bbox 198 2449 389 2530; x_wconf 69' lang='lat' dir='ltr'>Nostrefekl</span> <span class='ocrx_word' id='word_1_115' title='bbox 408 2449 626 2534; x_wconf 88' lang='lat' dir='ltr'>[Nosterfieid</span> <span class='ocrx_word' id='word_1_116' title='bbox 649 2451 680 2513; x_wconf 92' lang='lat' dir='ltr'>in</span> <span class='ocrx_word' id='word_1_117' title='bbox 700 2448 986 2533; x_wconf 88' lang='lat' dir='ltr'>Shudy-Camps].</span> <span class='ocrx_word' id='word_1_118' title='bbox 1030 2449 1180 2513; x_wconf 86' lang='lat' dir='ltr'>Feodum</span> <span class='ocrx_word' id='word_1_119' title='bbox 1197 2449 1240 2512; x_wconf 89' lang='lat' dir='ltr'>de</span> 
     </span>
     <span class='ocr_line' id='line_1_19' title="bbox 134 2553 1240 2620; baseline -0.003 -1"><span class='ocrx_word' id='word_1_120' title='bbox 134 2556 274 2620; x_wconf 89' lang='lat' dir='ltr'>Berners</span> <span class='ocrx_word' id='word_1_121' title='bbox 301 2563 336 2618; x_wconf 86' lang='lat' dir='ltr'>et</span> <span class='ocrx_word' id='word_1_122' title='bbox 362 2553 498 2618; x_wconf 86' lang='lat' dir='ltr'>seudum</span> <span class='ocrx_word' id='word_1_123' title='bbox 524 2555 644 2618; x_wconf 91' lang='lat' dir='ltr'>Prioris</span> <span class='ocrx_word' id='word_1_124' title='bbox 666 2554 710 2618; x_wconf 90' lang='lat' dir='ltr'>de</span> <span class='ocrx_word' id='word_1_125' title='bbox 735 2553 875 2618; x_wconf 81' lang='lat' dir='ltr'>Hatfeld</span> <span class='ocrx_word' id='word_1_126' title='bbox 898 2554 1023 2618; x_wconf 87' lang='lat' dir='ltr'>debent</span> <span class='ocrx_word' id='word_1_127' title='bbox 1046 2553 1089 2617; x_wconf 90' lang='lat' dir='ltr'>de</span> <span class='ocrx_word' id='word_1_128' title='bbox 1112 2554 1240 2617; x_wconf 86' lang='lat' dir='ltr'>auxilio</span> 
     </span>
     <span class='ocr_line' id='line_1_20' title="bbox 135 2659 522 2742; baseline 0 -18"><span class='ocrx_word' id='word_1_129' title='bbox 135 2660 340 2724; x_wconf 87' lang='lat' dir='ltr'>vicecomitis</span> <span class='ocrx_word' id='word_1_130' title='bbox 363 2659 522 2742; x_wconf 69' lang='lat' dir='ltr'>,xxviijd</span> 
     </span>
    </p>

    <p class='ocr_par' dir='ltr' id='par_1_7' title="bbox 135 2762 1240 3265">
     <span class='ocr_line' id='line_1_21' title="bbox 200 2762 1240 2849; baseline 0.001 -22"><span class='ocrx_word' id='word_1_131' title='bbox 200 2762 327 2827; x_wconf 84' lang='lat' dir='ltr'>Enlrale</span> <span class='ocrx_word' id='word_1_132' title='bbox 342 2763 433 2847; x_wconf 87' lang='lat' dir='ltr'>[Yen</span> <span class='ocrx_word' id='word_1_133' title='bbox 452 2763 532 2828; x_wconf 87' lang='lat' dir='ltr'>Hali</span> <span class='ocrx_word' id='word_1_134' title='bbox 549 2765 582 2827; x_wconf 92' lang='lat' dir='ltr'>in</span> <span class='ocrx_word' id='word_1_135' title='bbox 600 2764 696 2828; x_wconf 88' lang='lat' dir='ltr'>West</span> <span class='ocrx_word' id='word_1_136' title='bbox 711 2764 913 2849; x_wconf 89' lang='lat' dir='ltr'>Wickham].</span> <span class='ocrx_word' id='word_1_137' title='bbox 958 2764 1182 2847; x_wconf 87' lang='lat' dir='ltr'>Baldewynus</span> <span class='ocrx_word' id='word_1_138' title='bbox 1198 2764 1240 2829; x_wconf 90' lang='lat' dir='ltr'>de</span> 
     </span>
     <span class='ocr_line' id='line_1_22' title="bbox 136 2867 1239 2953; baseline 0 -21"><span class='ocrx_word' id='word_1_139' title='bbox 136 2869 269 2951; x_wconf 90' lang='lat' dir='ltr'>Roseye</span> <span class='ocrx_word' id='word_1_140' title='bbox 298 2877 391 2931; x_wconf 90' lang='lat' dir='ltr'>tenet</span> <span class='ocrx_word' id='word_1_141' title='bbox 420 2867 450 2949; x_wconf 88' lang='lat' dir='ltr'>.j.</span> <span class='ocrx_word' id='word_1_142' title='bbox 480 2867 594 2931; x_wconf 84' lang='lat' dir='ltr'>hidam</span> <span class='ocrx_word' id='word_1_143' title='bbox 626 2877 711 2932; x_wconf 88' lang='lat' dir='ltr'>terre</span> <span class='ocrx_word' id='word_1_144' title='bbox 741 2867 942 2950; x_wconf 86' lang='lat' dir='ltr'>geldabilem</span> <span class='ocrx_word' id='word_1_145' title='bbox 974 2890 1033 2953; x_wconf 88' lang='lat' dir='ltr'>per</span> <span class='ocrx_word' id='word_1_146' title='bbox 1062 2871 1239 2933; x_wconf 80' lang='lat' dir='ltr'>servicium</span> 
     </span>
     <span class='ocr_line' id='line_1_23' title="bbox 135 2970 1240 3055; baseline 0.001 -20"><span class='ocrx_word' id='word_1_147' title='bbox 135 2971 222 3035; x_wconf 85' lang='lat' dir='ltr'>ieodi</span> <span class='ocrx_word' id='word_1_148' title='bbox 246 2971 275 3053; x_wconf 87' lang='lat' dir='ltr'>.j.</span> <span class='ocrx_word' id='word_1_149' title='bbox 300 2971 416 3035; x_wconf 91' lang='lat' dir='ltr'>militis</span> <span class='ocrx_word' id='word_1_150' title='bbox 438 2970 482 3034; x_wconf 89' lang='lat' dir='ltr'>de</span> <span class='ocrx_word' id='word_1_151' title='bbox 504 2970 630 3034; x_wconf 87' lang='lat' dir='ltr'>honore</span> <span class='ocrx_word' id='word_1_152' title='bbox 652 2971 696 3035; x_wconf 85' lang='lat' dir='ltr'>de</span> <span class='ocrx_word' id='word_1_153' title='bbox 715 2971 949 3055; x_wconf 85' lang='lat' dir='ltr'>Wyrmegeye.</span> <span class='ocrx_word' id='word_1_154' title='bbox 997 2972 1127 3037; x_wconf 89' lang='lat' dir='ltr'>Ibidem</span> <span class='ocrx_word' id='word_1_155' title='bbox 1151 2973 1240 3036; x_wconf 89' lang='lat' dir='ltr'>idem</span> 
     </span>
     <span class='ocr_line' id='line_1_24' title="bbox 136 3074 1240 3159; baseline 0 -18"><span class='ocrx_word' id='word_1_156' title='bbox 136 3077 357 3158; x_wconf 89' lang='lat' dir='ltr'>Baldewynus</span> <span class='ocrx_word' id='word_1_157' title='bbox 372 3074 474 3139; x_wconf 88' lang='lat' dir='ltr'>debet</span> <span class='ocrx_word' id='word_1_158' title='bbox 489 3077 518 3140; x_wconf 91' lang='lat' dir='ltr'>.i.</span> <span class='ocrx_word' id='word_1_159' title='bbox 534 3085 660 3138; x_wconf 86' lang='lat' dir='ltr'>sectam</span> <span class='ocrx_word' id='word_1_160' title='bbox 680 3085 713 3139; x_wconf 89' lang='lat' dir='ltr'>et</span> <span class='ocrx_word' id='word_1_161' title='bbox 728 3076 772 3141; x_wconf 89' lang='lat' dir='ltr'>de</span> <span class='ocrx_word' id='word_1_162' title='bbox 787 3077 916 3141; x_wconf 87' lang='lat' dir='ltr'>auxiiio</span> <span class='ocrx_word' id='word_1_163' title='bbox 930 3077 1135 3142; x_wconf 87' lang='lat' dir='ltr'>vicecomitis</span> <span class='ocrx_word' id='word_1_164' title='bbox 1151 3078 1240 3159; x_wconf 74' lang='lat' dir='ltr'>.iiijs.</span> 
     </span>
     <span class='ocr_line' id='line_1_25' title="bbox 135 3178 486 3265; baseline -0.003 -20"><span class='ocrx_word' id='word_1_165' title='bbox 135 3203 194 3265; x_wconf 88' lang='lat' dir='ltr'>per</span> <span class='ocrx_word' id='word_1_166' title='bbox 209 3200 344 3246; x_wconf 90' lang='lat' dir='ltr'>annum.</span> <span class='ocrx_word' id='word_1_167' title='bbox 390 3178 486 3244; x_wconf 88' lang='lat' dir='ltr'>Ciar&#39;.</span> 
     </span>
    </p>

    <p class='ocr_par' dir='ltr' id='par_1_8' title="bbox 134 3282 1243 3872">
     <span class='ocr_line' id='line_1_26' title="bbox 210 3282 1243 3368; baseline 0.004 -20"><span class='ocrx_word' id='word_1_168' title='bbox 210 3283 354 3348; x_wconf 82' lang='lat' dir='ltr'>Wiclram</span> <span class='ocrx_word' id='word_1_169' title='bbox 397 3283 508 3368; x_wconf 90' lang='lat' dir='ltr'>[West</span> <span class='ocrx_word' id='word_1_170' title='bbox 549 3282 751 3368; x_wconf 70' lang='lat' dir='ltr'>Wickham}</span> <span class='ocrx_word' id='word_1_171' title='bbox 819 3285 1007 3351; x_wconf 87' lang='lat' dir='ltr'>Wiiielmus</span> <span class='ocrx_word' id='word_1_172' title='bbox 1049 3286 1167 3351; x_wconf 89' lang='lat' dir='ltr'>Rossel</span> <span class='ocrx_word' id='word_1_173' title='bbox 1209 3297 1243 3352; x_wconf 91' lang='lat' dir='ltr'>et</span> 
     </span>
     <span class='ocr_line' id='line_1_27' title="bbox 136 3387 1242 3473; baseline 0 -18"><span class='ocrx_word' id='word_1_174' title='bbox 136 3389 328 3473; x_wconf 88' lang='lat' dir='ltr'>Stephanus</span> <span class='ocrx_word' id='word_1_175' title='bbox 363 3387 406 3451; x_wconf 88' lang='lat' dir='ltr'>de</span> <span class='ocrx_word' id='word_1_176' title='bbox 443 3387 546 3470; x_wconf 87' lang='lat' dir='ltr'>Haya</span> <span class='ocrx_word' id='word_1_177' title='bbox 580 3397 696 3452; x_wconf 89' lang='lat' dir='ltr'>tenent</span> <span class='ocrx_word' id='word_1_178' title='bbox 730 3388 772 3470; x_wconf 88' lang='lat' dir='ltr'>.ij.</span> <span class='ocrx_word' id='word_1_179' title='bbox 807 3388 905 3454; x_wconf 86' lang='lat' dir='ltr'>hidas</span> <span class='ocrx_word' id='word_1_180' title='bbox 938 3399 1026 3454; x_wconf 88' lang='lat' dir='ltr'>terre</span> <span class='ocrx_word' id='word_1_181' title='bbox 1062 3392 1106 3454; x_wconf 92' lang='lat' dir='ltr'>de</span> <span class='ocrx_word' id='word_1_182' title='bbox 1144 3391 1242 3455; x_wconf 86' lang='lat' dir='ltr'>ieodo</span> 
     </span>
     <span class='ocr_line' id='line_1_28' title="bbox 135 3491 1241 3578; baseline 0 -19"><span class='ocrx_word' id='word_1_183' title='bbox 135 3493 278 3559; x_wconf 91' lang='lat' dir='ltr'>Comitis</span> <span class='ocrx_word' id='word_1_184' title='bbox 300 3491 436 3556; x_wconf 89' lang='lat' dir='ltr'>Oxonie</span> <span class='ocrx_word' id='word_1_185' title='bbox 457 3491 500 3555; x_wconf 88' lang='lat' dir='ltr'>de</span> <span class='ocrx_word' id='word_1_186' title='bbox 520 3491 646 3554; x_wconf 86' lang='lat' dir='ltr'>honore</span> <span class='ocrx_word' id='word_1_187' title='bbox 663 3491 886 3556; x_wconf 87' lang='lat' dir='ltr'>Richmondie</span> <span class='ocrx_word' id='word_1_188' title='bbox 907 3515 966 3576; x_wconf 87' lang='lat' dir='ltr'>per</span> <span class='ocrx_word' id='word_1_189' title='bbox 984 3496 1161 3560; x_wconf 89' lang='lat' dir='ltr'>seruicium</span> <span class='ocrx_word' id='word_1_190' title='bbox 1176 3496 1241 3578; x_wconf 89' lang='lat' dir='ltr'>.iiij.</span> 
     </span>
     <span class='ocr_line' id='line_1_29' title="bbox 136 3594 1242 3682; baseline 0 -19"><span class='ocrx_word' id='word_1_191' title='bbox 136 3598 289 3663; x_wconf 86' lang='lat' dir='ltr'>militurn.</span> <span class='ocrx_word' id='word_1_192' title='bbox 335 3595 380 3660; x_wconf 88' lang='lat' dir='ltr'>Et</span> <span class='ocrx_word' id='word_1_193' title='bbox 405 3595 496 3678; x_wconf 94' lang='lat' dir='ltr'>hyda</span> <span class='ocrx_word' id='word_1_194' title='bbox 520 3615 621 3678; x_wconf 86' lang='lat' dir='ltr'>quam</span> <span class='ocrx_word' id='word_1_195' title='bbox 648 3594 841 3680; x_wconf 87' lang='lat' dir='ltr'>Stephanus</span> <span class='ocrx_word' id='word_1_196' title='bbox 867 3607 959 3662; x_wconf 90' lang='lat' dir='ltr'>tenet</span> <span class='ocrx_word' id='word_1_197' title='bbox 983 3608 1034 3663; x_wconf 86' lang='lat' dir='ltr'>est</span> <span class='ocrx_word' id='word_1_198' title='bbox 1057 3598 1242 3682; x_wconf 86' lang='lat' dir='ltr'>geldabilis,</span> 
     </span>
     <span class='ocr_line' id='line_1_30' title="bbox 134 3698 1243 3786; baseline 0 -20"><span class='ocrx_word' id='word_1_199' title='bbox 134 3712 168 3767; x_wconf 89' lang='lat' dir='ltr'>et</span> <span class='ocrx_word' id='word_1_200' title='bbox 198 3701 300 3766; x_wconf 86' lang='lat' dir='ltr'>debet</span> <span class='ocrx_word' id='word_1_201' title='bbox 329 3701 358 3765; x_wconf 91' lang='lat' dir='ltr'>.i.</span> <span class='ocrx_word' id='word_1_202' title='bbox 388 3709 523 3776; x_wconf 85' lang='lat' dir='ltr'>sectam,</span> <span class='ocrx_word' id='word_1_203' title='bbox 553 3708 587 3763; x_wconf 90' lang='lat' dir='ltr'>et</span> <span class='ocrx_word' id='word_1_204' title='bbox 617 3699 660 3763; x_wconf 90' lang='lat' dir='ltr'>de</span> <span class='ocrx_word' id='word_1_205' title='bbox 690 3698 818 3764; x_wconf 88' lang='lat' dir='ltr'>auxilio</span> <span class='ocrx_word' id='word_1_206' title='bbox 848 3701 1053 3766; x_wconf 82' lang='lat' dir='ltr'>vicecomitis</span> <span class='ocrx_word' id='word_1_207' title='bbox 1081 3703 1149 3785; x_wconf 76' lang='lat' dir='ltr'>.ijs.</span> <span class='ocrx_word' id='word_1_208' title='bbox 1185 3724 1243 3786; x_wconf 90' lang='lat' dir='ltr'>per</span> 
     </span>
     <span class='ocr_line' id='line_1_31' title="bbox 137 3805 354 3872; baseline -0.005 -1"><span class='ocrx_word' id='word_1_209' title='bbox 137 3825 271 3872; x_wconf 86' lang='lat' dir='ltr'>annum</span> <span class='ocrx_word' id='word_1_210' title='bbox 317 3805 354 3870; x_wconf 90' lang='grc' dir='ltr'>Β.</span> 
     </span>
    </p>

    <p class='ocr_par' dir='ltr' id='par_1_9' title="bbox 137 3907 1242 4182">
     <span class='ocr_line' id='line_1_32' title="bbox 205 3907 1242 3992; baseline 0.005 -19"><span class='ocrx_word' id='word_1_211' title='bbox 205 3909 331 3974; x_wconf 77' lang='lat' dir='ltr'>Stratle</span> <span class='ocrx_word' id='word_1_212' title='bbox 345 3907 508 3992; x_wconf 86' lang='lat' dir='ltr'>[Streetly</span> <span class='ocrx_word' id='word_1_213' title='bbox 520 3909 553 3972; x_wconf 91' lang='lat' dir='ltr'>in</span> <span class='ocrx_word' id='word_1_214' title='bbox 566 3907 662 3974; x_wconf 84' lang='lat' dir='ltr'>west</span> <span class='ocrx_word' id='word_1_215' title='bbox 678 3907 880 3992; x_wconf 87' lang='lat' dir='ltr'>Wickham].</span> <span class='ocrx_word' id='word_1_216' title='bbox 925 3909 1075 3976; x_wconf 89' lang='lat' dir='ltr'>Thomas</span> <span class='ocrx_word' id='word_1_217' title='bbox 1086 3912 1130 3976; x_wconf 92' lang='lat' dir='ltr'>de</span> <span class='ocrx_word' id='word_1_218' title='bbox 1145 3911 1242 3978; x_wconf 90' lang='lat' dir='ltr'>Sam-</span> 
     </span>
     <span class='ocr_line' id='line_1_33' title="bbox 137 4013 1242 4097; baseline 0.004 -19"><span class='ocrx_word' id='word_1_219' title='bbox 137 4013 211 4078; x_wconf 83' lang='lat' dir='ltr'>iord</span> <span class='ocrx_word' id='word_1_220' title='bbox 227 4022 319 4079; x_wconf 88' lang='lat' dir='ltr'>tenet</span> <span class='ocrx_word' id='word_1_221' title='bbox 341 4013 524 4076; x_wconf 89' lang='lat' dir='ltr'>manerium</span> <span class='ocrx_word' id='word_1_222' title='bbox 546 4013 590 4078; x_wconf 93' lang='lat' dir='ltr'>de</span> <span class='ocrx_word' id='word_1_223' title='bbox 605 4015 763 4097; x_wconf 88' lang='lat' dir='ltr'>episcopo</span> <span class='ocrx_word' id='word_1_224' title='bbox 785 4013 922 4097; x_wconf 89' lang='lat' dir='ltr'>Eiyensi</span> <span class='ocrx_word' id='word_1_225' title='bbox 944 4034 1003 4097; x_wconf 90' lang='lat' dir='ltr'>per</span> <span class='ocrx_word' id='word_1_226' title='bbox 1022 4017 1197 4081; x_wconf 89' lang='lat' dir='ltr'>seruicium</span> <span class='ocrx_word' id='word_1_227' title='bbox 1214 4017 1242 4082; x_wconf 94' lang='lat' dir='ltr'>.i.</span> 
     </span>
     <span class='ocr_line' id='line_1_34' title="bbox 138 4117 261 4182; baseline 0 0"><span class='ocrx_word' id='word_1_228' title='bbox 138 4117 261 4182; x_wconf 89' lang='lat' dir='ltr'>militis.</span> 
     </span>
    </p>

    <p class='ocr_par' dir='ltr' id='par_1_10' title="bbox 139 4219 1245 4498">
     <span class='ocr_line' id='line_1_35' title="bbox 203 4219 1243 4308; baseline 0.002 -22"><span class='ocrx_word' id='word_1_229' title='bbox 203 4221 346 4302; x_wconf 81' lang='lat' dir='ltr'>Horseye</span> <span class='ocrx_word' id='word_1_230' title='bbox 386 4219 637 4304; x_wconf 87' lang='lat' dir='ltr'>[Horseheath].</span> <span class='ocrx_word' id='word_1_231' title='bbox 703 4219 871 4286; x_wconf 86' lang='lat' dir='ltr'>Walterus</span> <span class='ocrx_word' id='word_1_232' title='bbox 912 4223 955 4286; x_wconf 90' lang='lat' dir='ltr'>de</span> <span class='ocrx_word' id='word_1_233' title='bbox 993 4222 1113 4308; x_wconf 81' lang='lat' dir='ltr'>Capeti</span> <span class='ocrx_word' id='word_1_234' title='bbox 1152 4233 1243 4288; x_wconf 90' lang='lat' dir='ltr'>tenet</span> 
     </span>
     <span class='ocr_line' id='line_1_36' title="bbox 139 4324 1245 4393; baseline 0.003 -3"><span class='ocrx_word' id='word_1_235' title='bbox 139 4325 275 4391; x_wconf 83' lang='lat' dir='ltr'>feodum</span> <span class='ocrx_word' id='word_1_236' title='bbox 313 4324 443 4389; x_wconf 92' lang='lat' dir='ltr'>dimidii</span> <span class='ocrx_word' id='word_1_237' title='bbox 482 4325 596 4389; x_wconf 89' lang='lat' dir='ltr'>militis</span> <span class='ocrx_word' id='word_1_238' title='bbox 631 4325 674 4389; x_wconf 91' lang='lat' dir='ltr'>de</span> <span class='ocrx_word' id='word_1_239' title='bbox 705 4325 839 4391; x_wconf 90' lang='lat' dir='ltr'>Comite</span> <span class='ocrx_word' id='word_1_240' title='bbox 869 4325 1006 4391; x_wconf 89' lang='lat' dir='ltr'>Oxonie</span> <span class='ocrx_word' id='word_1_241' title='bbox 1040 4328 1084 4392; x_wconf 92' lang='lat' dir='ltr'>de</span> <span class='ocrx_word' id='word_1_242' title='bbox 1118 4327 1245 4393; x_wconf 87' lang='lat' dir='ltr'>honore</span> 
     </span>
     <span class='ocr_line' id='line_1_37' title="bbox 140 4428 1245 4498; baseline 0 0"><span class='ocrx_word' id='word_1_243' title='bbox 140 4430 370 4498; x_wconf 90' lang='lat' dir='ltr'>Richmondie.</span> <span class='ocrx_word' id='word_1_244' title='bbox 420 4429 514 4494; x_wconf 92' lang='lat' dir='ltr'>Idem</span> <span class='ocrx_word' id='word_1_245' title='bbox 538 4428 668 4495; x_wconf 85' lang='lat' dir='ltr'>Walter</span> <span class='ocrx_word' id='word_1_246' title='bbox 686 4429 788 4495; x_wconf 84' lang='lat' dir='ltr'>debet</span> <span class='ocrx_word' id='word_1_247' title='bbox 803 4430 832 4496; x_wconf 88' lang='lat' dir='ltr'>.i.</span> <span class='ocrx_word' id='word_1_248' title='bbox 852 4441 978 4496; x_wconf 85' lang='lat' dir='ltr'>sectam</span> <span class='ocrx_word' id='word_1_249' title='bbox 1000 4441 1034 4498; x_wconf 88' lang='lat' dir='ltr'>et</span> <span class='ocrx_word' id='word_1_250' title='bbox 1054 4433 1097 4498; x_wconf 90' lang='lat' dir='ltr'>de</span> <span class='ocrx_word' id='word_1_251' title='bbox 1116 4433 1245 4498; x_wconf 85' lang='lat' dir='ltr'>auxilio</span> 
     </span>
    </p>
   </div>
   <div class='ocr_carea' id='block_1_5' title="bbox 0 0 1613 5102">
    <p class='ocr_par' dir='ltr' id='par_1_11' title="bbox 0 0 1613 5102">
     <span class='ocr_line' id='line_1_38' title="bbox 0 0 1613 5102; baseline 0 0"><span class='ocrx_word' id='word_1_252' title='bbox 0 0 1613 5102; x_wconf 95' lang='lat' dir='ltr'> </span> 
     </span>
    </p>
   </div>
  </div>
 </body>
</html>
