3212 5064
326 365 374 448 64
567 359 629 457 Os
649 358 707 431 the
733 359 872 433 Priors
894 359 976 431 ond
997 359 1100 433 their
1123 369 1201 433 acts
1319 359 1437 458 [Boon

323 541 432 595 domini
460 541 546 611 Regis
570 539 735 614 J[ohannis]
759 559 814 614 que
839 552 959 599 testatur
979 546 1041 599 hoc.
1080 546 1118 598 Et
1140 561 1196 616 quo
1218 545 1256 600 ad
1279 545 1436 616 predictam

323 630 424 686 seriam
442 631 510 687 dicit
527 633 603 703 quod
620 631 763 702 predictus
779 632 912 687 dominus
930 631 1097 705 H[enricus]
1118 651 1166 690 rex
1187 651 1309 704 proauus
1329 634 1436 690 domini

327 721 416 790 Regis
441 739 518 777 nunc
541 738 592 793 per
616 731 725 776 cartam
749 738 830 776 suain
855 721 996 777 concessit
1020 722 1139 777 ecclesie
1163 722 1254 777 sancti
1281 723 1376 793 Egidii
1400 725 1436 781 de

325 811 497 866 Bernewelle
515 819 543 866 et
561 811 646 880 priori
666 821 694 866 et
712 811 858 866 canonicis
878 811 984 868 ibidem
1002 812 1058 867 deo
1079 810 1266 868 seruientibus
1285 813 1362 883 quod
1380 813 1434 884 ipsi

157 905 250 1005 {5¹53
260 904 290 945 be
323 907 351 995 et
365 913 543 952 successores
557 899 600 952 sui
613 898 737 954 habeant
751 900 946 970 inperpetuum
961 917 1046 954 unam
1064 899 1162 957 leriam
1175 900 1251 971 apud
1266 901 1435 956 Bemewelle
1451 941 1455 948 .

153 1005 219 1058 June
229 1005 278 1047 and
322 985 441 1055 singulis
459 985 542 1039 annis
561 1003 611 1057 per
629 996 750 1056 quatuor
767 986 830 1041 dies
847 987 1012 1042 duraturam
1031 986 1161 1042 uidelicet
1181 987 1209 1040 in
1227 985 1324 1056 uigilia
1342 996 1370 1041 et
1388 987 1434 1042 die

131 1122 132 1126 ,
154 1055 287 1157 ξξξξῑοῃ·
322 1083 420 1128 sancte
442 1073 616 1129 Etheldrede
635 1073 753 1142 uirginis
775 1075 803 1128 in
823 1084 923 1142 estate,
941 1084 969 1129 et
991 1091 1042 1145 per
1061 1075 1133 1129 duos
1154 1075 1216 1129 dies
1241 1075 1369 1146 proximo
1393 1091 1434 1130 se·

320 1169 450 1230 quentes,
468 1171 521 1216 etc.

376 1249 445 1303 Ideo
464 1249 608 1319 predictus
630 1249 707 1320 prior
726 1249 792 1304 inde
811 1249 873 1304 sine
893 1249 940 1304 die
962 1249 1042 1305 saluo
1059 1251 1126 1320 Jure
1145 1247 1253 1305 domini
1273 1251 1361 1319 Regis
1381 1260 1433 1306 etc.

941 1339 1045 1392 Rotulo
1062 1337 1150 1392 xror01.

245 1443 263 1492 f·
277 1457 306 1492 ²²
387 1443 440 1506 De
453 1443 638 1507 nominibus
649 1443 807 1508 Priorum
823 1443 862 1508 do
876 1443 1070 1508 Bernecoelle
1083 1465 1105 1507 a
1113 1445 1229 1526 prima
1234 1444 1436 1526 fundacione

321 1558 352 1612 et
364 1549 405 1612 de
417 1549 563 1631 operibus
576 1556 713 1614 eorraem2.

572 1729 621 1794 39.
667 1711 720 1775 De
743 1711 900 1794 Galfrido
921 1712 1040 1776 Priore
1053 1711 1174 1794 primo.

156 1858 307 1952 {22ss2ssss
390 1853 458 1917 Iste
480 1853 649 1918 Galfridus
670 1863 741 1918 erat
762 1852 942 1918 canonicus
964 1852 1215 1928 Huntendonie,
1237 1861 1271 1916 et
1295 1863 1432 1918 uocatus

154 1961 260 2052 {mm
320 1966 392 2021 erat
417 1956 459 2020 ad
486 1957 633 2040 regimen
658 1957 894 2020 canonicorum
919 1957 1133 2040 Cantebrigie
1156 1957 1252 2020 iuxta
1276 1957 1430 2022 Castrum

156 2062 251 2104 dmm·
321 2083 380 2146 per
410 2084 608 2128 consensum
637 2063 790 2127 Anselmi
819 2061 1068 2127 cantuariensis
1094 2061 1371 2146 Archiepiscopi2,
1397 2071 1432 2126 et

155 2145 296 2245 lill‘ila,
322 2167 467 2250 Remigij
491 2167 735 2231 Lincolniensis
757 2166 940 2250 Episcopi⁴‚
955 2185 996 2229 eo
1016 2166 1107 2248 quod
1129 2166 1180 2230 uir
1200 2177 1270 2231 erat
1289 2187 1431 2250 magnae

157 2255 288 2298 ¹⁰⁹⁰‘¹¹¹²'
319 2273 507 2336 sanctitatis
533 2281 568 2336 et
598 2271 775 2354 religionis.
837 2271 882 2334 Et
913 2271 1019 2354 ipsam
1051 2271 1223 2335 ecclesiam
1255 2272 1343 2335 rexit
1372 2291 1432 2354 per

319 2399 388 2442 .xx.
409 2396 524 2453 annos,
539 2385 573 2442 et
594 2385 671 2460 post
693 2396 808 2439 eorum
832 2374 1089 2439 translacionem
1113 2396 1218 2458 usque
1240 2377 1282 2439 ad
1308 2374 1429 2439 Berne-

319 2481 413 2546 welle
439 2500 545 2544 senex
572 2490 607 2545 et
633 2481 751 2563 plenus
775 2480 905 2543 dierum
929 2477 1014 2561 obijt
1037 2481 1069 2542 in
1095 2499 1217 2562 magna
1243 2479 1429 2556 sanctitate,

319 2595 353 2649 et
383 2586 416 2649 in
447 2585 584 2650 introitu
615 2605 695 2668 erga
723 2583 886 2668 capellam
918 2583 1016 2647 beate
1047 2584 1150 2648 marie
1184 2583 1333 2668 sepultus
1369 2594 1428 2660 est,

319 2713 431 2758 coram
455 2694 660 2778 tumbaque
683 2715 771 2760 nunc
794 2705 845 2761 est
868 2691 1043 2776 Laurencij
1070 2693 1199 2760 Prioris

637 2873 689 2936 40.
734 2855 786 2920 De
810 2854 957 2920 Gerardo
979 2855 1105 2921 Priore.

154 3003 256 3053 oemio.
385 2984 553 3051 Gerardus
589 2985 682 3049 Prior
714 2987 873 3050 successit
902 2986 941 3062 ei,
972 3005 1072 3070 quern
1105 2987 1260 3070 Paganus
1291 2986 1426 3052 Peuerel

153 3054 245 3156 lidii?
320 3090 462 3156 multum
485 3090 616 3168 dilexit,
635 3111 676 3154 eo
698 3092 787 3174 quod
812 3101 900 3154 esset
922 3091 1024 3155 homo
1048 3091 1211 3155 iucundus
1234 3100 1268 3155 et
1290 3089 1428 3174 hyllaris

155 3165 287 3208 mmm
319 3194 425 3262 ualde.
463 3195 501 3258 ln
518 3195 634 3260 diebus
651 3197 722 3260 eius
738 3195 865 3260 fiebant
879 3196 1010 3261 officine
1027 3196 1139 3275 multe,
1151 3206 1237 3261 terre
1252 3196 1428 3279 adquisito,

319 3308 353 3364 et
380 3297 517 3364 uiriliter
542 3300 744 3384 operabatur
770 3321 870 3384 super
895 3299 1080 3377 ecclesiam,
1105 3321 1171 3384 que
1196 3310 1269 3365 erat
1295 3301 1427 3384 incepta

319 3402 401 3466 mire
425 3403 674 3486 magnitudinis,
695 3414 738 3482 et,
754 3415 791 3469 ut
813 3405 944 3480 dicitur,
966 3425 1003 3468 se
1025 3405 1231 3469 extendebat
1254 3425 1359 3488 usque
1382 3405 1426 3468 ad

320 3527 477 3590 magnam
509 3505 656 3590 plateam
683 3528 743 3591 per
769 3508 933 3572 auxilium
961 3509 1088 3591 Pagani
1117 3508 1261 3586 Peuerel,
1286 3519 1320 3573 et
1350 3508 1428 3573 fecit

319 3612 559 3676 dormitorium.
620 3612 688 3678 Sed
724 3623 857 3678 mortuo
893 3613 1029 3697 Pagano
1068 3612 1202 3678 Peuerel
1238 3610 1426 3678 Willelmus

320 3717 454 3781 Peuerel
478 3715 565 3780 filius
588 3716 659 3781 eius
682 3737 749 3782 non
774 3717 832 3782 ita¹
847 3717 977 3781 feruens
1000 3727 1071 3782 erat
1095 3718 1138 3781 ad
1163 3718 1265 3800 ipsius
1288 3717 1425 3782 ecclesie

318 3822 519 3886 erectionem
544 3821 629 3886 sicut
656 3831 752 3905 pater
775 3823 854 3898 eius,
877 3823 936 3886 sed
965 3821 998 3884 in
1024 3831 1146 3886 terram
1174 3831 1325 3886 sanctam
1350 3841 1425 3904 pro-

319 3925 477 4003 ficiscens,
491 3926 558 3991 cito
579 3926 730 3992 sublatus
751 3937 802 3992 est
817 3926 859 3990 de
875 3927 995 3992 medio.
1042 3925 1164 4010 Sicque
1180 3926 1339 3990 remansit
1354 3927 1427 4008 ipsa

319 4031 458 4096 ecelesia
484 4031 607 4097 infecta
631 4041 704 4098 toto
731 4043 882 4117 ternpore
908 4031 1048 4097 Gerardi
1076 4031 1206 4108 Primis,
1228 4041 1262 4095 et
1289 4031 1425 4095 Ricardi

320 4137 351 4201 N
355 4136 431 4214 orel,
447 4146 481 4201 et
499 4136 655 4220 Hugonis
672 4136 880 4201 Domesman
897 4155 1125 4200 successorum
1142 4155 1285 4200 suorum.

514 4261 522 4293 ¹
539 4263 603 4313 This
613 4263 749 4313 document
759 4264 781 4314 is
791 4265 818 4315 in
829 4280 845 4314 a
856 4265 920 4314 later
929 4263 1007 4314 band.

513 4343 524 4377 ²
541 4346 592 4396 For
603 4345 647 4396 the
657 4345 727 4396 dates
739 4343 769 4396 oi
777 4347 820 4397 the
833 4346 917 4398 Priors
927 4361 969 4398 see
979 4347 1023 4397 the
1034 4344 1217 4396 Introduction.

513 4425 524 4459 ²
541 4429 601 4494 Abp
612 4428 641 4478 ol
649 4428 805 4494 Canterbury
820 4443 980 4494 ¹093-1109
997 4427 1032 4492 (d.
1048 4444 1075 4478 αι
1091 4425 1175 4492 Apa).

513 4509 524 4542 ⁴
542 4513 580 4578 Bp
591 4511 621 4562 of
630 4510 735 4562 Lincoln
750 4511 907 4578 totio-1092
921 4511 957 4572 (d.
970 4509 985 4560 6
998 4509 1078 4576 May).
