3144 5070
631 403 815 501 sanuary

404 588 508 648 Pnina
521 589 582 649 dt'es
595 591 700 650 merm's
714 597 743 650 et
754 591 872 668 septima
885 596 1004 650 truncat
1016 596 1051 648 ut
1062 589 1144 650 emis.

404 687 509 748 Prima
522 690 583 749 dies
597 709 675 750 nona
689 697 765 750 mcci
776 690 849 750 liora
863 689 982 766 septima
996 690 1109 765 quinta.

113 933 123 971 1
184 915 216 992 iij
238 919 270 977 A
306 825 451 979 KL
487 916 617 994 Januar’.
659 913 841 982 cenanda
862 912 966 978 teatini
985 914 1085 993 tapies
1105 915 1221 981 tutan.

110 1057 124 1096 2
241 1041 264 1100 b
316 1040 356 1120 iiij
372 1044 450 1104 Non.
488 1045 556 1104 Oct.
569 1039 665 1102 sancti
680 1041 833 1120 Stephani.
877 1039 908 1119 iij
924 1042 1033 1102 lecum
1048 1039 1077 1100 ix
1091 1053 1167 1120 pset
1182 1060 1251 1102 cum
1267 1039 1294 1100 ix
1309 1060 1335 1100 a.

109 1155 125 1212 3
183 1139 215 1216 xj
246 1159 266 1199 c
328 1139 357 1219 iij
374 1143 454 1204 Non.
491 1141 560 1204 Oct
577 1140 672 1232 sanpti
690 1139 845 1218 Johannis.
889 1141 998 1202 Sancte
1012 1139 1169 1202 Genouefe
1187 1137 1306 1218 virginis
1326 1137 1357 1216 iij

536 1239 565 1298 lc
578 1257 648 1298 cum
662 1240 768 1299 ixaet
781 1237 810 1298 ix
824 1257 867 1318 ps.

108 1350 125 1402 4
240 1331 262 1392 d
336 1331 354 1410 ij
370 1335 451 1395 Non.
487 1333 557 1396 Oct.
570 1343 742 1393 sanctorum
758 1330 975 1394 Innocencium
990 1329 1021 1391 iii
1035 1332 1064 1391 lc
1078 1351 1147 1392 cum
1159 1331 1216 1392 ixa
1230 1342 1260 1392 et
1271 1330 1299 1390 ix
1314 1349 1357 1408 ps.

108 1443 123 1504 5
164 1427 213 1489 xix
243 1450 262 1491 e
348 1433 453 1493 Nonas
490 1433 560 1496 Oct.
576 1431 672 1492 sancti
686 1432 790 1493 thome
803 1429 835 1509 iij
851 1433 879 1492 lc
894 1450 962 1491 cunt
978 1432 1040 1491 ixa
1054 1428 1186 1509 etixps.

106 1525 123 1582 s
159 1525 210 1602 vnj
253 1527 270 1586 f
306 1525 354 1604 viij
370 1529 415 1590 Id.
492 1525 658 1608 enniana
677 1525 780 1589 natat
800 1526 899 1604 austes
919 1527 1033 1592 astum.

108 1638 122 1694 7
240 1645 263 1702 g
314 1623 353 1703 vij
370 1627 414 1688 Id.
493 1627 598 1688 Clauis
618 1627 826 1704 septuagesinu
846 1627 876 1686 si
894 1645 951 1685 non
971 1632 1013 1686 est
1031 1626 1164 1686 bisextus.

107 1721 208 1799 vaj
231 1726 259 1782 A
328 1724 416 1800 vj1d.
492 1727 531 1788 Si
547 1735 590 1786 est
607 1728 733 1788 bisextus
753 1727 800 1787 laic
817 1734 860 1785 cst
877 1728 976 1786 claut's.
1034 1729 1039 1808 ¹J

107 1839 123 1894 9
184 1823 264 1880 vb
336 1841 355 1880 v
369 1822 414 1884 Id.
489 1825 562 1884 Post
578 1825 766 1902 epiphaniam
786 1831 844 1884 tres
858 1825 976 1901 pn'mas
995 1843 1052 1883 esse
1072 1831 1177 1884 notato.

92 1935 122 1974 10
238 1937 259 1977 c
311 1915 353 1997 iiij
369 1921 414 1980 In
487 1921 606 1999 Scntper
624 1923 656 1981 in
675 1930 803 1980 extrema
824 1921 939 1981 dommi
955 1925 1010 1980 lux
1030 1923 1118 1981 tamis
1131 1923 1244 1999 pascha
1265 1931 1313 1983 est.

91 2034 119 2075 11
158 2015 262 2094 xiiJ'd
322 2015 352 2095 iij
369 2020 415 2079 ln

92 2132 121 2172 12
189 2115 260 2193 iJ'e
331 2114 352 2194 ij
369 2118 413 2180 lc

93 2233 121 2288 ¹3
248 2217 265 2276 f
370 2216 442 2278 Idus
486 2218 555 2279 Oct.
568 2214 738 2295 epiphanie.
780 2213 883 2276 Sancti
897 2213 1002 2292 hillarij
1015 2215 1149 2296 episcopi
1161 2216 1192 2295 iij
1204 2216 1304 2278 medie
1318 2218 1354 2278 lc.

92 2329 122 2382 ¹⁴
190 2333 210 2372 x
238 2333 260 2391 g
305 2312 354 2372 xix
369 2315 436 2374 Kai
454 2315 600 2374 Februar’.
638 2312 740 2375 Sancti
752 2310 846 2374 felicis
854 2311 1011 2390 presbiteri
1019 2324 1050 2374 ct
1060 2314 1246 2376 confessoris
1279 2314 1308 2392 iij
1319 2317 1355 2376 lc.

93 2426 121 2485 ¹5
230 2415 260 2470 A
280 2409 352 2489 xviij
370 2413 438 2472 Kal.
490 2411 593 2473 Sancti
614 2411 710 2473 mauri
731 2411 847 2473 abbatis
868 2409 899 2489 iij
921 2413 958 2473 lc

93 2510 121 2565 16
140 2509 208 2587 xviij
238 2511 261 2570 b
289 2508 351 2587 xvij
367 2513 434 2572 Kal.
487 2511 591 2573 Sancti
612 2511 743 2573 marcelli
764 2509 857 2591 pape¹
880 2521 911 2572 et
931 2510 1066 2573 martiris.
1110 2510 1140 2589 iij
1163 2513 1199 2573 lc.

93 2623 121 2680 ¹7
167 2607 207 2684 vij
238 2627 258 2668 c
298 2609 347 2684 xvj
365 2610 433 2668 Kal.
485 2607 587 2670 Sancti
607 2611 723 2687 antonij
746 2610 886 2671 monachi
907 2607 938 2687 iij
960 2611 995 2670 lc

93 2709 122 2766 18
235 2710 258 2770 d
314 2728 352 2768 xv
368 2710 435 2770 Kal.
489 2713 599 2772 Sancte
627 2711 723 2790 prisce
754 2709 875 2788 virginis
903 2721 934 2772 et
961 2709 1087 2772 martiris
1115 2715 1194 2772 coiit.
1247 2713 1302 2773 Sol
1326 2715 1356 2770 in

569 2813 702 2888 aquan'o.

96 2922 124 2980 ιι)
169 2928 208 2967 xv
238 2929 257 2970 e
285 2907 350 2984 xiiij
368 2909 435 2968 Kal.
488 2913 666 2972 Sanctorum
688 2909 779 2971 marie
801 2922 831 2971 et
854 2910 968 2970 marthe
991 2907 1150 2969 martirum.
1193 2907 1223 2986 iij
1247 2909 1282 2969 lc.

96 3023 125 3062 το
163 3005 203 3084 iiij
246 3009 263 3067 s
299 3005 352 3082 xiij
370 3009 436 3067 Kal.
489 3011 666 3071 Sanctorum
688 3008 799 3070 fabiani
820 3022 850 3071 et
872 3007 1032 3069 sebastiani
1054 3007 1215 3067 martirum.
1258 3007 1344 3069 ixlc.

96 3121 121 3161 21
238 3127 259 3185 g
310 3103 349 3183 xij
368 3108 433 3166 Kal.
487 3110 597 3168 Sancte
607 3107 732 3186 Agnetis
766 3107 866 3186 irginis
880 3118 911 3168 et
924 3105 1050 3167 martiris
1064 3126 1225 3167 commune
1236 3108 1353 3167 festum.

97 3219 122 3258 22
167 3205 205 3281 xij
226 3209 257 3265 A
322 3205 349 3281 xj
367 3205 435 3264 Kal.
487 3203 643 3276 scanni
751 3203 876 3270 nectitis
897 3221 1037 3267 summunt
1058 3205 1171 3270 fastan.

98 3316 124 3374 ²3
189 3304 258 3380 jb
333 3323 352 3361 x
367 3304 435 3364 Kal.

98 3417 125 3470 24
237 3423 257 3462 c
322 3401 434 3463 ixKal.

99 3513 124 3573 ²5
177 3500 254 3561 ixd
294 3497 347 3576 viij
364 3503 431 3562 Kal.
485 3501 645 3568 conscita
667 3500 756 3568 uncti
777 3502 855 3580 panti
877 3517 1019 3563 temnunt
1040 3502 1154 3568 astum.

100 3595 126 3649 26
235 3617 255 3658 e
305 3595 345 3673 vij
364 3599 431 3658 Kal.

100 3709 125 3764 η
149 3693 201 3772 xvij
243 3696 260 3755 f
315 3697 345 3771 vj
363 3697 431 3758 Kal.
485 3697 587 3758 Sancti
607 3696 719 3776 Juliani
740 3697 874 3777 episcopi
896 3709 926 3759 et
946 3697 1124 3760 confessoris
1146 3697 1176 3758 ix
1198 3699 1234 3758 lc.

100 3793 127 3846 ²8
176 3795 255 3873 ng
331 3814 350 3852 v
366 3795 433 3854 Kal.
485 3799 593 3857 Sancte
615 3795 740 3874 Agnetis
761 3798 896 3859 secundo
916 3797 948 3876 iij
970 3801 997 3859 lc
1019 3819 1087 3859 cum
1110 3796 1139 3858 ix
1159 3818 1178 3859 a
1198 3808 1228 3860 et
1250 3797 1278 3858 ix
1299 3817 1342 3876 ps.

102 3907 128 3962 ²9
227 3895 258 3953 A
304 3891 350 3968 iiij
367 3893 434 3952 Kal.

100 4003 128 4057 30
151 3989 255 4068 xiiijb
315 3987 348 4065 iij
366 3991 434 4052 Kal.
486 3993 594 4053 Sancte
616 3993 741 4054 Batildis
765 3996 888 4072 Regine.
932 3995 961 4054 ix
982 3996 1018 4056 lc

101 4100 125 4156 3¹
177 4087 254 4167 iijc
329 4085 348 4163 ij
367 4088 435 4150 Kal.

403 4223 472 4282 Nox
491 4226 576 4286 habet
594 4227 683 4286 horas
702 4228 763 4304 xvj.
798 4229 882 4286 'Dies
902 4228 964 4304 υἱεῖ.

398 4320 567 4396 Januan‘us
587 4325 671 4384 habet
689 4325 748 4384 dies
768 4327 855 4399 xxxj.
901 4325 990 4384 Luna
1012 4345 1088 4384 xxx.

404 4465 412 4497 ¹
431 4469 496 4521 Here
514 4473 564 4521 and
581 4473 715 4524 elsewhere
728 4482 793 4539 pape
810 4473 854 4523 nas
871 4473 934 4522 been
951 4475 1045 4524 erased.

1195 4575 1269 4616 1-2
