3212 5064
160 349 209 450 11]
393 350 631 426 maintained
652 351 692 424 in
719 349 781 424 the
814 347 1030 445 Universz'ty
1220 362 1266 436 95

161 566 210 633 39.
258 549 410 630 Qualiter
430 550 536 616 Prior
553 552 592 616 de
610 549 804 615 Bernewelle
817 549 1016 632 suit'dolose
1035 547 1271 612 circumuentus

295 666 361 739 per
384 655 623 722 Cancellarium
655 655 888 722 Vniuersitotis
912 651 1124 735 Cantabrigie.

226 783 315 868 Qvia
331 784 461 867 magnis
473 794 507 848 et
518 784 726 868 sapientibus
738 783 818 846 uiris
830 781 938 846 uisum
953 790 1003 846 est
1014 780 1106 864 quod
1121 779 1270 844 Ecclesia
1286 775 1435 873 ¹2⁰⁸gg¹gg⁸2

160 887 204 954 de
221 887 421 952 Bernewelle
432 889 612 952 enormiter
623 887 693 951 lesa
704 897 756 951 est
767 887 809 950 ad
822 885 1023 950 soluendum
1036 885 1270 968 inperpetuum
1284 839 1425 970 ,ᾓζᾞξω

160 993 334 1057 annuatim
345 1013 387 1058 .x.
398 1011 535 1068 marcas,
547 1011 623 1058 cum
636 991 777 1074 pecunia
792 1009 894 1072 quam
911 989 1062 1053 canonici
1080 996 1272 1072 receperant
1285 977 1433 1072 &mum

161 1095 246 1161 inira
266 1117 337 1162 ‚xx.
357 1115 520 1160 annorum
545 1095 694 1178 spacium
722 1093 871 1158 totaliter
896 1092 957 1156 fuit
984 1092 1065 1176 ipsis
1090 1091 1272 1175 capellanis
1285 1078 1405 1172 mm,

161 1200 280 1278 soluta,
309 1198 398 1266 vnde
434 1210 573 1283 accepto
608 1199 731 1262 saniori
765 1197 905 1262 consilio
943 1197 984 1260 ad
1024 1195 1271 1281 impetrandum
1286 1178 1405 1272 Ξῖῗξξξ*

165 1325 225 1388 per
246 1306 372 1368 curiam
395 1324 568 1368 romanam
594 1303 627 1366 in
650 1303 714 1367 hac
737 1311 832 1386 parte
855 1301 1040 1365 remedium
1064 1301 1273 1385 propositum
1287 1279 1409 1374 ,53⁰¹

161 1408 226 1472 suit
245 1407 335 1491 quod
359 1409 451 1472 Prior
472 1427 533 1472 nec
554 1406 674 1490 aliquis
696 1406 805 1490 potuit
827 1406 880 1470 uel
898 1404 1014 1469 debuit
1036 1403 1275 1488 dampnificare

162 1513 347 1578 ecclesiam.
394 1512 440 1576 Et
466 1512 530 1576 hoc
556 1511 732 1575 consilium
759 1511 913 1594 peruenit
938 1512 980 1574 ad
1005 1529 1100 1574 aures
1125 1507 1274 1594 magistri

166 1615 345 1700 Stephani¹
372 1625 453 1679 tunc
483 1615 681 1681 Cancellarii
708 1615 934 1679 uniuersitatis
961 1614 1182 1696 Cantebrigie
1229 1613 1276 1677 Et

165 1721 238 1804 ipse
256 1721 392 1805 quidem
414 1731 511 1785 caute
532 1740 635 1804 agens
657 1719 782 1784 leuauit
803 1719 903 1783 breue
924 1720 967 1783 de
985 1719 1158 1801 arreragiis
1177 1739 1277 1802 super

169 1827 315 1914 Priorem
328 1826 470 1890 duorum
484 1846 656 1902 annorum,
668 1835 701 1888 et
712 1834 824 1888 tamen
836 1821 937 1886 nichil
947 1823 1072 1887 debuit.
1109 1823 1276 1907 Verump-

169 1939 283 1995 tamen
320 1931 411 1995 Prior
448 1930 526 1993 inde
563 1929 756 2013 perterritus
794 1929 826 1992 in
862 1928 978 1991 itinere
1013 1927 1276 2011 Justiciariorum

168 2035 258 2117 apud
290 2034 540 2116 Cantebrigiam
571 2034 686 2097 statim
717 2032 886 2096 consensit
915 2033 958 2095 ad
991 2031 1171 2095 leuandum
1200 2031 1277 2094 inde

168 2137 415 2220 cyrographum
437 2139 470 2200 in
493 2137 593 2202 Curia
616 2136 726 2219 Regis.
774 2136 819 2199 Et
839 2157 883 2199 ex
903 2155 970 2218 quo
985 2137 1088 2200 semel
1105 2136 1278 2211 concessit,

59 2327 66 2336 ¹
168 2243 323 2325 quamuis
365 2242 539 2305 consilium
582 2262 678 2305 suum
719 2241 939 2310 reclamasset,
979 2239 1195 2325 W[illelmus]
1234 2241 1278 2304 de

171 2344 296 2410 Saham
314 2355 393 2409 tunc
408 2345 616 2428 Justiciarius
631 2365 707 2408 eum
724 2344 886 2427 compulit
901 2343 944 2407 ad
958 2345 1137 2408 leuandum
1150 2345 1277 2407 dictum

170 2450 426 2534 cyrographum,
441 2451 535 2514 cuius
551 2461 646 2514 tenor
662 2451 738 2513 talis
753 2459 823 2513 est:

547 2637 599 2700 40.
646 2619 897 2704 Cyrogropltum.

225 2751 289 2804 Hec
315 2758 359 2804 est
387 2748 479 2803 finalis
505 2750 657 2805 concordia
679 2750 757 2804 lacta
781 2749 809 2804 in
836 2751 921 2805 Curia
946 2750 1063 2804 Domini
1091 2747 1178 2820 Regis
1203 2748 1279 2819 apud
1292 2759 1413 2804 theton

171 2837 382 2908 Cautebrigiam
398 2853 417 2892 a
432 2836 480 2892 die
496 2835 586 2891 sancti
604 2837 742 2907 Johannis
761 2835 888 2908 Baptiste
904 2838 932 2891 in
950 2855 1037 2892 vnum
1055 2853 1189 2905 mensem,
1203 2854 1279 2892 anno
1292 2815 1436 2904 ffiv‘ffiff

170 2925 251 2995 regui
262 2925 349 2994 Regis
359 2924 511 2980 Eadwardi
522 2923 571 2978 filii
584 2924 669 2993 Regis
682 2924 799 2980 Henrici
809 2925 1031 2997 quartodecimo,
1040 2941 1136 2980 coram
1149 2926 1279 2996 Johanne
1292 2913 1433 3004 ffigwffi„

170 3011 207 3066 de
232 3010 369 3077 Vallibus,
394 3009 537 3065 Willelmo
565 3011 602 3065 de
631 3012 747 3078 Saham,
775 3011 887 3080 Rogero
917 3011 1058 3081 Loueday,
1083 3011 1213 3081 Johanne
1243 3012 1279 3066 de
1293 2974 1384 3105 3⁸²3}
1436 2989 1442 3010 ⁹

172 3097 358 3167 Metingham,
377 3108 405 3153 et
427 3097 569 3153 Nicholao
591 3099 617 3152 le
639 3100 721 3167 Gras,
740 3097 908 3168 justiciariis
936 3097 1145 3166 itinerantibus,
1164 3109 1192 3155 et
1217 3099 1279 3154 aliis
1292 3111 1443 3166 (ines-utu

171 3184 289 3240 Domini
304 3185 390 3255 Regis
402 3185 534 3240 fidelibus
547 3196 615 3241 tunc
624 3186 663 3241 ibi
676 3186 862 3256 presentibus,
873 3187 945 3240 inter
957 3187 1127 3257 Magistrum
1137 3188 1280 3243 Thomam

170 3271 206 3326 de
229 3271 368 3342 Skeming
391 3271 598 3327 Cancellarium
618 3272 811 3329 uniuersitatis
834 3273 1015 3343 Cantebrigie
1039 3284 1211 3344 querentem,
1230 3291 1281 3344 per

171 3359 340 3430 Magistrum
364 3360 459 3415 Adam
483 3362 519 3415 de
545 3361 567 3414 F
569 3361 656 3415 lixton
681 3359 804 3431 positum
829 3361 893 3414 loco
915 3377 967 3415 suo
989 3362 1025 3416 ad
1048 3363 1214 3418 lucrandum
1235 3364 1281 3419 uel

168 3447 353 3518 perdendum,
367 3457 395 3503 et
415 3449 569 3517 Symonem
589 3447 716 3502 Priorem
734 3447 770 3501 de
790 3448 971 3514 Bernewelle,
987 3448 1023 3503 de
1040 3451 1094 3504 hoc
1111 3451 1188 3522 quod
1203 3451 1281 3507 idem

171 3535 251 3589 Prior
266 3535 454 3590 summonitus
471 3535 524 3589 luit
540 3535 578 3589 ad
591 3533 798 3589 ostendendum
811 3551 898 3604 quare
911 3552 975 3590 cum
989 3535 1064 3591 idem
1079 3537 1158 3592 Prior
1170 3539 1281 3594 duobus

170 3619 364 3676 sacerdotibus
382 3621 412 3675 in
431 3619 573 3689 theologia
595 3619 623 3673 in
647 3617 827 3674 uniuersitate
850 3621 1032 3691 cantebrigie
1054 3623 1233 3678 studentibus
1253 3635 1282 3681 et

169 3726 222 3781 pro
239 3709 334 3764 anima
349 3710 480 3780 Magistri
494 3708 628 3764 Willelmi
641 3708 677 3764 de
692 3708 826 3763 Kilkenni
839 3710 985 3780 quondam
999 3711 1130 3780 Elyensis
1146 3711 1282 3784 Episcopi

171 3796 268 3852 diuina
291 3798 507 3866 celebrantibus,
533 3799 633 3854 decem
659 3815 769 3853 marcas
793 3799 830 3854 ad
859 3801 1099 3856 sustentacionem
1127 3803 1282 3857 eorundem

171 3883 351 3938 sacerdotum
359 3882 477 3953 singulis
485 3883 567 3938 annis
577 3883 737 3954 persoluere
747 3885 894 3952 debeat,et
904 3885 964 3956 ipse
974 3885 1128 3955 etJolanus
1137 3887 1282 3956 quondam

174 3969 254 4024 Prior
277 3969 314 4024 de
336 3969 509 4025 Bemewelle
530 3971 714 4041 predecessor
735 3987 803 4026 suus
825 3973 984 4042 persoluere
1005 3985 1211 4028 consueuerunt
1233 3991 1283 4045 per

172 4066 281 4110 cartam
301 4056 390 4127 ipsius
410 4057 505 4126 Jolani
526 4069 554 4112 et
576 4058 620 4112 sui
640 4059 805 4114 Conuentus
823 4077 909 4130 quam
928 4059 1071 4131 predictus
1090 4062 1282 4118 Cancellarius

174 4143 241 4198 inde
256 4143 425 4215 habet—qui
441 4144 557 4215 quidem
571 4145 734 4201 sacerdotes
750 4162 800 4217 per
813 4147 971 4218 predictum
986 4149 1109 4204 Priorem
1123 4159 1151 4204 et
1165 4149 1281 4205 Cancel-
1297 4149 1312 4201 l.
1334 4148 1394 4212 34b

174 4231 277 4285 larium
288 4231 480 4286 uniuersitatis
490 4229 614 4302 predicte
624 4231 672 4301 qui
682 4249 733 4302 pro
744 4242 871 4304 tempore
880 4235 982 4290 luerint
991 4234 1096 4290 debent
1106 4237 1282 4305 prouideri—

177 4316 320 4390 predictus
337 4317 418 4372 Prior
434 4317 544 4374 duobus
561 4319 756 4374 sacerdotibus
772 4321 914 4391 predictas
930 4323 1030 4378 decem
1046 4338 1156 4376 marcas
1173 4340 1282 4380 annuas

557 4423 567 4454 ¹
584 4423 696 4488 Stephen
707 4424 740 4474 de
752 4425 903 4490 Hepworth.
