<?xml version="1.0" encoding="UTF-8"?>
<!DOCTYPE html PUBLIC "-//W3C//DTD XHTML 1.0 Transitional//EN"
    "http://www.w3.org/TR/xhtml1/DTD/xhtml1-transitional.dtd">
<html xmlns="http://www.w3.org/1999/xhtml" xml:lang="en" lang="en">
 <head>
  <title>
</title>
<meta http-equiv="Content-Type" content="text/html;charset=utf-8" />
  <meta name='ocr-system' content='tesseract 3.04.00' />
  <meta name='ocr-capabilities' content='ocr_page ocr_carea ocr_par ocr_line ocrx_word'/>
</head>
<body>
  <div class='ocr_page' id='page_1' title='image "./libermemorandor00maitgoog_0134.png"; bbox 0 0 3212 5064; ppageno 0'>
   <div class='ocr_carea' id='block_1_1' title="bbox 340 371 1450 472">
    <p class='ocr_par' dir='ltr' id='par_1_1' title="bbox 340 371 1450 472">
     <span class='ocr_line' id='line_1_1' title="bbox 340 371 1450 472; baseline -0.001 -26"><span class='ocrx_word' id='word_1_1' title='bbox 340 379 390 446; x_wconf 89' lang='lat'><strong>66</strong></span> <span class='ocrx_word' id='word_1_2' title='bbox 581 373 643 471; x_wconf 90' lang='lat' dir='ltr'><strong>Of</strong></span> <span class='ocrx_word' id='word_1_3' title='bbox 660 371 721 445; x_wconf 76' lang='lat' dir='ltr'><strong>tlte</strong></span> <span class='ocrx_word' id='word_1_4' title='bbox 746 372 884 446; x_wconf 74' lang='lat' dir='ltr'><strong>Pm&#39;ors</strong></span> <span class='ocrx_word' id='word_1_5' title='bbox 910 375 991 446; x_wconf 84' lang='lat' dir='ltr'><strong>and</strong></span> <span class='ocrx_word' id='word_1_6' title='bbox 1011 374 1112 446; x_wconf 78' lang='lat' dir='ltr'><strong>their</strong></span> <span class='ocrx_word' id='word_1_7' title='bbox 1134 383 1209 447; x_wconf 84' lang='lat' dir='ltr'><strong>acts</strong></span> <span class='ocrx_word' id='word_1_8' title='bbox 1333 373 1450 472; x_wconf 71' lang='lat' dir='ltr'><strong>[Boon</strong></span> 
     </span>
    </p>
   </div>
   <div class='ocr_carea' id='block_1_2' title="bbox 175 555 1449 657">
    <p class='ocr_par' dir='ltr' id='par_1_2' title="bbox 175 555 1449 657">
     <span class='ocr_line' id='line_1_2' title="bbox 175 555 1449 657; baseline -0.003 -32"><span class='ocrx_word' id='word_1_9' title='bbox 175 555 321 657; x_wconf 55' lang='lat' dir='ltr'><strong>,Tel‘ffims</strong></span> <span class='ocrx_word' id='word_1_10' title='bbox 339 557 442 622; x_wconf 81' lang='lat' dir='ltr'><strong>forcia</strong></span> <span class='ocrx_word' id='word_1_11' title='bbox 464 556 580 622; x_wconf 82' lang='lat' dir='ltr'><strong>iratres</strong></span> <span class='ocrx_word' id='word_1_12' title='bbox 602 557 776 624; x_wconf 88' lang='lat' dir='ltr'><strong>inhoneste</strong></span> <span class='ocrx_word' id='word_1_13' title='bbox 797 567 895 624; x_wconf 88' lang='lat' dir='ltr'><strong>extra</strong></span> <span class='ocrx_word' id='word_1_14' title='bbox 915 569 1086 642; x_wconf 88' lang='lat' dir='ltr'><strong>uagantes,</strong></span> <span class='ocrx_word' id='word_1_15' title='bbox 1101 567 1136 622; x_wconf 90' lang='lat' dir='ltr'><strong>et</strong></span> <span class='ocrx_word' id='word_1_16' title='bbox 1159 558 1191 622; x_wconf 94' lang='lat' dir='ltr'><strong>in</strong></span> <span class='ocrx_word' id='word_1_17' title='bbox 1214 559 1305 622; x_wconf 88' lang='lat' dir='ltr'><strong>inuio</strong></span> <span class='ocrx_word' id='word_1_18' title='bbox 1325 568 1359 623; x_wconf 94' lang='lat' dir='ltr'><strong>et</strong></span> <span class='ocrx_word' id='word_1_19' title='bbox 1383 580 1449 622; x_wconf 90' lang='lat' dir='ltr'><strong>non</strong></span> 
     </span>
    </p>
   </div>
   <div class='ocr_carea' id='block_1_3' title="bbox 171 656 1449 2623">
    <p class='ocr_par' dir='ltr' id='par_1_3' title="bbox 175 656 1449 2517">
     <span class='ocr_line' id='line_1_3' title="bbox 175 656 1449 758; baseline 0.002 -34"><span class='ocrx_word' id='word_1_20' title='bbox 175 656 276 758; x_wconf 56' lang='lat' dir='ltr'><strong>llssfiljss]</strong></span> <span class='ocrx_word' id='word_1_21' title='bbox 339 661 371 725; x_wconf 94' lang='lat' dir='ltr'><strong>in</strong></span> <span class='ocrx_word' id='word_1_22' title='bbox 409 663 464 725; x_wconf 92' lang='lat' dir='ltr'><strong>uia</strong></span> <span class='ocrx_word' id='word_1_23' title='bbox 494 671 650 737; x_wconf 83' lang='lat' dir='ltr'>errantes,</span> <span class='ocrx_word' id='word_1_24' title='bbox 681 662 725 725; x_wconf 92' lang='lat' dir='ltr'><strong>ab</strong></span> <span class='ocrx_word' id='word_1_25' title='bbox 762 664 881 726; x_wconf 90' lang='lat' dir='ltr'><strong>erroris</strong></span> <span class='ocrx_word' id='word_1_26' title='bbox 912 664 966 727; x_wconf 90' lang='lat' dir='ltr'><strong>uia</strong></span> <span class='ocrx_word' id='word_1_27' title='bbox 998 664 1152 727; x_wconf 84' lang='lat' dir='ltr'>reducere</span> <span class='ocrx_word' id='word_1_28' title='bbox 1183 662 1319 738; x_wconf 91' lang='lat' dir='ltr'><strong>studuit,</strong></span> <span class='ocrx_word' id='word_1_29' title='bbox 1350 672 1384 725; x_wconf 94' lang='lat' dir='ltr'><strong>et</strong></span> <span class='ocrx_word' id='word_1_30' title='bbox 1413 683 1449 726; x_wconf 89' lang='lat' dir='ltr'><strong>se</strong></span> 
     </span>
     <span class='ocr_line' id='line_1_4' title="bbox 338 765 1449 850; baseline 0 -22"><span class='ocrx_word' id='word_1_31' title='bbox 338 767 572 849; x_wconf 87' lang='lat' dir='ltr'>precedentem</span> <span class='ocrx_word' id='word_1_32' title='bbox 588 765 682 848; x_wconf 89' lang='lat' dir='ltr'><strong>sequi</strong></span> <span class='ocrx_word' id='word_1_33' title='bbox 698 766 870 849; x_wconf 90' lang='lat' dir='ltr'><strong>compulit,</strong></span> <span class='ocrx_word' id='word_1_34' title='bbox 886 767 973 849; x_wconf 89' lang='lat' dir='ltr'><strong>quia,</strong></span> <span class='ocrx_word' id='word_1_35' title='bbox 988 767 1079 850; x_wconf 92' lang='lat' dir='ltr'><strong>quod</strong></span> <span class='ocrx_word' id='word_1_36' title='bbox 1097 767 1198 830; x_wconf 90' lang='lat' dir='ltr'><strong>uerbo</strong></span> <span class='ocrx_word' id='word_1_37' title='bbox 1213 766 1336 842; x_wconf 82' lang='lat' dir='ltr'><strong>docuit,</strong></span> <span class='ocrx_word' id='word_1_38' title='bbox 1349 786 1449 849; x_wconf 90' lang='lat' dir='ltr'><strong>opere</strong></span> 
     </span>
     <span class='ocr_line' id='line_1_5' title="bbox 338 869 1448 952; baseline 0.001 -21"><span class='ocrx_word' id='word_1_39' title='bbox 338 869 544 952; x_wconf 89' lang='lat' dir='ltr'><strong>adimpleuit.</strong></span> <span class='ocrx_word' id='word_1_40' title='bbox 589 869 709 933; x_wconf 90' lang='lat' dir='ltr'><strong>Nullus</strong></span> <span class='ocrx_word' id='word_1_41' title='bbox 725 871 813 934; x_wconf 90' lang='lat' dir='ltr'><strong>enim</strong></span> <span class='ocrx_word' id='word_1_42' title='bbox 832 870 969 934; x_wconf 80' lang='lat' dir='ltr'><strong>fratrum</strong></span> <span class='ocrx_word' id='word_1_43' title='bbox 987 871 1029 934; x_wconf 91' lang='lat' dir='ltr'><strong>ad</strong></span> <span class='ocrx_word' id='word_1_44' title='bbox 1047 873 1229 934; x_wconf 90' lang='lat' dir='ltr'><strong>matutinas</strong></span> <span class='ocrx_word' id='word_1_45' title='bbox 1244 870 1448 952; x_wconf 89' lang='lat' dir='ltr'><strong>uigilancior,</strong></span> 
     </span>
     <span class='ocr_line' id='line_1_6' title="bbox 338 973 1447 1057; baseline 0 -19"><span class='ocrx_word' id='word_1_46' title='bbox 338 975 381 1038; x_wconf 86' lang='lat' dir='ltr'><strong>ad</strong></span> <span class='ocrx_word' id='word_1_47' title='bbox 397 973 619 1057; x_wconf 85' lang='lat' dir='ltr'><strong>psalmodiam</strong></span> <span class='ocrx_word' id='word_1_48' title='bbox 636 973 839 1056; x_wconf 91' lang='lat' dir='ltr'><strong>diligencior‚</strong></span> <span class='ocrx_word' id='word_1_49' title='bbox 852 975 885 1037; x_wconf 94' lang='lat' dir='ltr'><strong>in</strong></span> <span class='ocrx_word' id='word_1_50' title='bbox 901 975 1056 1038; x_wconf 91' lang='lat' dir='ltr'><strong>oracione</strong></span> <span class='ocrx_word' id='word_1_51' title='bbox 1072 975 1237 1051; x_wconf 92' lang='lat' dir='ltr'><strong>deuocior,</strong></span> <span class='ocrx_word' id='word_1_52' title='bbox 1253 976 1286 1038; x_wconf 92' lang='lat' dir='ltr'><strong>in</strong></span> <span class='ocrx_word' id='word_1_53' title='bbox 1303 975 1447 1040; x_wconf 90' lang='lat' dir='ltr'><strong>claustro</strong></span> 
     </span>
     <span class='ocr_line' id='line_1_7' title="bbox 337 1079 1447 1164; baseline 0 -22"><span class='ocrx_word' id='word_1_54' title='bbox 337 1079 420 1145; x_wconf 89' lang='lat' dir='ltr'><strong>hora</strong></span> <span class='ocrx_word' id='word_1_55' title='bbox 450 1079 575 1163; x_wconf 88' lang='lat' dir='ltr'><strong>silencij</strong></span> <span class='ocrx_word' id='word_1_56' title='bbox 603 1081 717 1144; x_wconf 87' lang='lat' dir='ltr'><strong>extitit</strong></span> <span class='ocrx_word' id='word_1_57' title='bbox 749 1080 963 1164; x_wconf 87' lang='lat' dir='ltr'><strong>frequencior.</strong></span> <span class='ocrx_word' id='word_1_58' title='bbox 1010 1080 1057 1143; x_wconf 91' lang='lat' dir='ltr'><strong>Et</strong></span> <span class='ocrx_word' id='word_1_59' title='bbox 1083 1080 1237 1163; x_wconf 88' lang='lat' dir='ltr'><strong>quamuis</strong></span> <span class='ocrx_word' id='word_1_60' title='bbox 1265 1080 1447 1143; x_wconf 88' lang='lat' dir='ltr'><strong>innumeris</strong></span> 
     </span>
     <span class='ocr_line' id='line_1_8' title="bbox 338 1184 1446 1268; baseline -0.003 -19"><span class='ocrx_word' id='word_1_61' title='bbox 338 1206 467 1249; x_wconf 90' lang='lat' dir='ltr'><strong>morum</strong></span> <span class='ocrx_word' id='word_1_62' title='bbox 492 1195 527 1249; x_wconf 92' lang='lat' dir='ltr'><strong>et</strong></span> <span class='ocrx_word' id='word_1_63' title='bbox 551 1187 744 1250; x_wconf 89' lang='lat' dir='ltr'><strong>meritorum</strong></span> <span class='ocrx_word' id='word_1_64' title='bbox 772 1184 913 1268; x_wconf 91' lang='lat' dir='ltr'><strong>polleret</strong></span> <span class='ocrx_word' id='word_1_65' title='bbox 935 1184 1129 1266; x_wconf 71' lang='lat' dir='ltr'><strong>insignibus</strong></span> <span class='ocrx_word' id='word_1_66' title='bbox 1152 1193 1265 1264; x_wconf 85' lang='lat' dir='ltr'><strong>tamen</strong></span> <span class='ocrx_word' id='word_1_67' title='bbox 1291 1184 1446 1267; x_wconf 89' lang='lat' dir='ltr'><strong>precipue</strong></span> 
     </span>
     <span class='ocr_line' id='line_1_9' title="bbox 336 1287 1446 1372; baseline 0.001 -21"><span class='ocrx_word' id='word_1_68' title='bbox 336 1288 466 1352; x_wconf 89' lang='lat' dir='ltr'><strong>duabus</strong></span> <span class='ocrx_word' id='word_1_69' title='bbox 479 1288 604 1354; x_wconf 88' lang='lat' dir='ltr'><strong>scilicet</strong></span> <span class='ocrx_word' id='word_1_70' title='bbox 615 1290 763 1372; x_wconf 85' lang='lat' dir='ltr'><strong>corporis</strong></span> <span class='ocrx_word' id='word_1_71' title='bbox 774 1289 930 1352; x_wconf 86' lang='lat' dir='ltr'><strong>castitate</strong></span> <span class='ocrx_word' id='word_1_72' title='bbox 945 1297 980 1352; x_wconf 90' lang='lat' dir='ltr'><strong>et</strong></span> <span class='ocrx_word' id='word_1_73' title='bbox 994 1287 1250 1352; x_wconf 86' lang='lat' dir='ltr'><strong>elemosinarum</strong></span> <span class='ocrx_word' id='word_1_74' title='bbox 1268 1287 1446 1371; x_wconf 84' lang='lat' dir='ltr'><strong>largicione</strong></span> 
     </span>
     <span class='ocr_line' id='line_1_10' title="bbox 335 1392 1446 1458; baseline 0.002 -3"><span class='ocrx_word' id='word_1_75' title='bbox 335 1392 519 1456; x_wconf 88' lang='lat' dir='ltr'><strong>dinoscitur</strong></span> <span class='ocrx_word' id='word_1_76' title='bbox 549 1392 706 1456; x_wconf 89' lang='lat' dir='ltr'><strong>claruisse</strong></span> <span class='ocrx_word' id='word_1_77' title='bbox 737 1393 922 1456; x_wconf 84' lang='lat' dir='ltr'><strong>uirtutibus.</strong></span> <span class='ocrx_word' id='word_1_78' title='bbox 973 1393 1106 1457; x_wconf 87' lang='lat' dir='ltr'><strong>Fratres</strong></span> <span class='ocrx_word' id='word_1_79' title='bbox 1136 1403 1249 1458; x_wconf 89' lang='lat' dir='ltr'><strong>autem</strong></span> <span class='ocrx_word' id='word_1_80' title='bbox 1281 1395 1314 1456; x_wconf 93' lang='lat' dir='ltr'><strong>in</strong></span> <span class='ocrx_word' id='word_1_81' title='bbox 1345 1393 1446 1458; x_wconf 93' lang='lat' dir='ltr'><strong>choro</strong></span> 
     </span>
     <span class='ocr_line' id='line_1_11' title="bbox 335 1496 1444 1561; baseline -0.002 -1"><span class='ocrx_word' id='word_1_82' title='bbox 335 1497 552 1561; x_wconf 90' lang='lat' dir='ltr'><strong>irreuerenter</strong></span> <span class='ocrx_word' id='word_1_83' title='bbox 577 1517 613 1560; x_wconf 90' lang='lat' dir='ltr'><strong>se</strong></span> <span class='ocrx_word' id='word_1_84' title='bbox 639 1496 801 1561; x_wconf 89' lang='lat' dir='ltr'><strong>habentes</strong></span> <span class='ocrx_word' id='word_1_85' title='bbox 829 1497 915 1561; x_wconf 88' lang='lat' dir='ltr'><strong>adeo</strong></span> <span class='ocrx_word' id='word_1_86' title='bbox 941 1496 1099 1560; x_wconf 90' lang='lat' dir='ltr'><strong>seueriter</strong></span> <span class='ocrx_word' id='word_1_87' title='bbox 1126 1506 1161 1560; x_wconf 90' lang='lat' dir='ltr'><strong>et</strong></span> <span class='ocrx_word' id='word_1_88' title='bbox 1186 1498 1304 1561; x_wconf 89' lang='lat' dir='ltr'><strong>acriter</strong></span> <span class='ocrx_word' id='word_1_89' title='bbox 1329 1497 1444 1561; x_wconf 92' lang='lat' dir='ltr'><strong>statim</strong></span> 
     </span>
     <span class='ocr_line' id='line_1_12' title="bbox 336 1599 1445 1683; baseline 0.002 -21"><span class='ocrx_word' id='word_1_90' title='bbox 336 1599 401 1664; x_wconf 92' lang='lat' dir='ltr'><strong>illic</strong></span> <span class='ocrx_word' id='word_1_91' title='bbox 417 1601 596 1683; x_wconf 86' lang='lat' dir='ltr'><strong>redarguit,</strong></span> <span class='ocrx_word' id='word_1_92' title='bbox 611 1602 644 1663; x_wconf 93' lang='lat' dir='ltr'><strong>in</strong></span> <span class='ocrx_word' id='word_1_93' title='bbox 666 1601 812 1664; x_wconf 90' lang='lat' dir='ltr'><strong>claustro</strong></span> <span class='ocrx_word' id='word_1_94' title='bbox 833 1600 915 1682; x_wconf 93' lang='lat' dir='ltr'><strong>ocijs</strong></span> <span class='ocrx_word' id='word_1_95' title='bbox 937 1612 971 1662; x_wconf 89' lang='lat' dir='ltr'><strong>et</strong></span> <span class='ocrx_word' id='word_1_96' title='bbox 992 1600 1072 1663; x_wconf 90' lang='lat' dir='ltr'><strong>iocis</strong></span> <span class='ocrx_word' id='word_1_97' title='bbox 1089 1610 1246 1664; x_wconf 90' lang='lat' dir='ltr'><strong>uacantes</strong></span> <span class='ocrx_word' id='word_1_98' title='bbox 1262 1601 1348 1664; x_wconf 89' lang='lat' dir='ltr'><strong>adeo</strong></span> <span class='ocrx_word' id='word_1_99' title='bbox 1362 1600 1445 1664; x_wconf 93' lang='lat' dir='ltr'><strong>dure</strong></span> 
     </span>
     <span class='ocr_line' id='line_1_13' title="bbox 335 1704 1444 1789; baseline -0.002 -21"><span class='ocrx_word' id='word_1_100' title='bbox 335 1713 369 1768; x_wconf 89' lang='lat' dir='ltr'><strong>et</strong></span> <span class='ocrx_word' id='word_1_101' title='bbox 392 1724 508 1788; x_wconf 89' lang='lat' dir='ltr'><strong>aspere</strong></span> <span class='ocrx_word' id='word_1_102' title='bbox 530 1705 750 1789; x_wconf 88' lang='lat' dir='ltr'><strong>reprehendit,</strong></span> <span class='ocrx_word' id='word_1_103' title='bbox 773 1705 864 1787; x_wconf 93' lang='lat' dir='ltr'><strong>quod</strong></span> <span class='ocrx_word' id='word_1_104' title='bbox 888 1704 931 1767; x_wconf 89' lang='lat' dir='ltr'><strong>ad</strong></span> <span class='ocrx_word' id='word_1_105' title='bbox 955 1704 1025 1767; x_wconf 89' lang='lat' dir='ltr'><strong>eius</strong></span> <span class='ocrx_word' id='word_1_106' title='bbox 1049 1714 1220 1786; x_wconf 87' lang='lat' dir='ltr'><strong>aspectum</strong></span> <span class='ocrx_word' id='word_1_107' title='bbox 1244 1713 1278 1768; x_wconf 91' lang='lat' dir='ltr'><strong>et</strong></span> <span class='ocrx_word' id='word_1_108' title='bbox 1298 1705 1444 1788; x_wconf 88' lang='lat' dir='ltr'><strong>corporis</strong></span> 
     </span>
     <span class='ocr_line' id='line_1_14' title="bbox 334 1807 1444 1892; baseline 0 -20"><span class='ocrx_word' id='word_1_109' title='bbox 334 1817 466 1891; x_wconf 88' lang='lat' dir='ltr'><strong>gestum</strong></span> <span class='ocrx_word' id='word_1_110' title='bbox 487 1819 734 1873; x_wconf 90' lang='lat' dir='ltr'><strong>exterrerentur</strong></span> <span class='ocrx_word' id='word_1_111' title='bbox 753 1829 855 1891; x_wconf 90' lang='lat' dir='ltr'><strong>quam</strong></span> <span class='ocrx_word' id='word_1_112' title='bbox 878 1807 1022 1891; x_wconf 90' lang='lat' dir='ltr'><strong>plurimi,</strong></span> <span class='ocrx_word' id='word_1_113' title='bbox 1040 1817 1073 1871; x_wconf 89' lang='lat' dir='ltr'><strong>et</strong></span> <span class='ocrx_word' id='word_1_114' title='bbox 1095 1809 1245 1872; x_wconf 89' lang='lat' dir='ltr'><strong>exterriti</strong></span> <span class='ocrx_word' id='word_1_115' title='bbox 1269 1809 1350 1872; x_wconf 88' lang='lat' dir='ltr'><strong>satis</strong></span> <span class='ocrx_word' id='word_1_116' title='bbox 1372 1830 1444 1892; x_wconf 89' lang='lat' dir='ltr'><strong>per·</strong></span> 
     </span>
     <span class='ocr_line' id='line_1_15' title="bbox 333 1912 1444 1997; baseline 0 -21"><span class='ocrx_word' id='word_1_117' title='bbox 333 1913 553 1977; x_wconf 87' lang='lat' dir='ltr'><strong>turbarentur.</strong></span> <span class='ocrx_word' id='word_1_118' title='bbox 601 1912 640 1975; x_wconf 93' lang='lat' dir='ltr'><strong>ln</strong></span> <span class='ocrx_word' id='word_1_119' title='bbox 667 1913 817 1997; x_wconf 90' lang='lat' dir='ltr'><strong>capitulo</strong></span> <span class='ocrx_word' id='word_1_120' title='bbox 847 1933 982 1996; x_wconf 90' lang='lat' dir='ltr'><strong>quoque</strong></span> <span class='ocrx_word' id='word_1_121' title='bbox 1012 1913 1044 1975; x_wconf 91' lang='lat' dir='ltr'><strong>in</strong></span> <span class='ocrx_word' id='word_1_122' title='bbox 1072 1913 1167 1996; x_wconf 89' lang='lat' dir='ltr'><strong>penis</strong></span> <span class='ocrx_word' id='word_1_123' title='bbox 1195 1912 1383 1996; x_wconf 86' lang='lat' dir='ltr'><strong>infligendis</strong></span> <span class='ocrx_word' id='word_1_124' title='bbox 1410 1922 1444 1977; x_wconf 92' lang='lat' dir='ltr'><strong>et</strong></span> 
     </span>
     <span class='ocr_line' id='line_1_16' title="bbox 334 2016 1443 2101; baseline 0 -20"><span class='ocrx_word' id='word_1_125' title='bbox 334 2016 518 2100; x_wconf 90' lang='lat' dir='ltr'><strong>disciplinis</strong></span> <span class='ocrx_word' id='word_1_126' title='bbox 538 2016 738 2081; x_wconf 90' lang='lat' dir='ltr'><strong>adhibendis</strong></span> <span class='ocrx_word' id='word_1_127' title='bbox 760 2037 1013 2099; x_wconf 88' lang='lat' dir='ltr'><strong>nonnumquam</strong></span> <span class='ocrx_word' id='word_1_128' title='bbox 1035 2026 1131 2082; x_wconf 89' lang='lat' dir='ltr'><strong>tanta</strong></span> <span class='ocrx_word' id='word_1_129' title='bbox 1149 2017 1306 2082; x_wconf 90' lang='lat' dir='ltr'><strong>utebatur</strong></span> <span class='ocrx_word' id='word_1_130' title='bbox 1320 2019 1443 2101; x_wconf 89' lang='lat' dir='ltr'><strong>asperi-</strong></span> 
     </span>
     <span class='ocr_line' id='line_1_17' title="bbox 334 2121 1442 2204; baseline 0 -18"><span class='ocrx_word' id='word_1_131' title='bbox 334 2131 404 2186; x_wconf 86' lang='lat' dir='ltr'><strong>tate</strong></span> <span class='ocrx_word' id='word_1_132' title='bbox 430 2132 465 2185; x_wconf 93' lang='lat' dir='ltr'><strong>et</strong></span> <span class='ocrx_word' id='word_1_133' title='bbox 491 2123 694 2198; x_wconf 85' lang='lat' dir='ltr'><strong>austeritate,</strong></span> <span class='ocrx_word' id='word_1_134' title='bbox 719 2121 810 2204; x_wconf 92' lang='lat' dir='ltr'><strong>quod</strong></span> <span class='ocrx_word' id='word_1_135' title='bbox 837 2142 858 2185; x_wconf 87' lang='lat' dir='ltr'><strong>a</strong></span> <span class='ocrx_word' id='word_1_136' title='bbox 882 2121 1050 2185; x_wconf 90' lang='lat' dir='ltr'><strong>nonnullis</strong></span> <span class='ocrx_word' id='word_1_137' title='bbox 1072 2123 1280 2187; x_wconf 89' lang='lat' dir='ltr'><strong>consciencie</strong></span> <span class='ocrx_word' id='word_1_138' title='bbox 1303 2123 1442 2186; x_wconf 90' lang='lat' dir='ltr'><strong>sanioris</strong></span> 
     </span>
     <span class='ocr_line' id='line_1_18' title="bbox 333 2225 1441 2308; baseline 0.002 -22"><span class='ocrx_word' id='word_1_139' title='bbox 333 2225 456 2306; x_wconf 90' lang='lat' dir='ltr'><strong>pluries</strong></span> <span class='ocrx_word' id='word_1_140' title='bbox 492 2226 629 2288; x_wconf 91' lang='lat' dir='ltr'><strong>modum</strong></span> <span class='ocrx_word' id='word_1_141' title='bbox 665 2225 851 2288; x_wconf 89' lang='lat' dir='ltr'><strong>excessisse</strong></span> <span class='ocrx_word' id='word_1_142' title='bbox 886 2225 1058 2301; x_wconf 92' lang='lat' dir='ltr'><strong>diceretur,</strong></span> <span class='ocrx_word' id='word_1_143' title='bbox 1088 2235 1123 2289; x_wconf 89' lang='lat' dir='ltr'><strong>et</strong></span> <span class='ocrx_word' id='word_1_144' title='bbox 1160 2227 1223 2290; x_wconf 91' lang='lat' dir='ltr'><strong>sibi</strong></span> <span class='ocrx_word' id='word_1_145' title='bbox 1254 2227 1368 2308; x_wconf 87' lang='lat' dir='ltr'><strong>pocius</strong></span> <span class='ocrx_word' id='word_1_146' title='bbox 1398 2226 1441 2289; x_wconf 91' lang='lat' dir='ltr'><strong>ad</strong></span> 
     </span>
     <span class='ocr_line' id='line_1_19' title="bbox 333 2328 1441 2411; baseline -0.001 -18"><span class='ocrx_word' id='word_1_147' title='bbox 333 2328 538 2394; x_wconf 87' lang='lat' dir='ltr'><strong>crudelitatis</strong></span> <span class='ocrx_word' id='word_1_148' title='bbox 577 2329 741 2392; x_wconf 91' lang='lat' dir='ltr'><strong>feruorem</strong></span> <span class='ocrx_word' id='word_1_149' title='bbox 784 2337 991 2411; x_wconf 88' lang='lat' dir='ltr'><strong>reputaretur</strong></span> <span class='ocrx_word' id='word_1_150' title='bbox 1030 2349 1132 2411; x_wconf 89' lang='lat' dir='ltr'><strong>quam</strong></span> <span class='ocrx_word' id='word_1_151' title='bbox 1171 2330 1214 2394; x_wconf 90' lang='lat' dir='ltr'><strong>ad</strong></span> <span class='ocrx_word' id='word_1_152' title='bbox 1256 2331 1441 2394; x_wconf 90' lang='lat' dir='ltr'><strong>seueritatis</strong></span> 
     </span>
     <span class='ocr_line' id='line_1_20' title="bbox 334 2433 484 2517; baseline 0.013 -21"><span class='ocrx_word' id='word_1_153' title='bbox 334 2433 484 2517; x_wconf 89' lang='lat' dir='ltr'><strong>rigorem.</strong></span> 
     </span>
    </p>

    <p class='ocr_par' dir='ltr' id='par_1_4' title="bbox 171 2538 1440 2623">
     <span class='ocr_line' id='line_1_21' title="bbox 171 2538 1440 2623; baseline 0.003 -25"><span class='ocrx_word' id='word_1_154' title='bbox 171 2548 210 2598; x_wconf 73' lang='lat' dir='ltr'><strong>By</strong></span> <span class='ocrx_word' id='word_1_155' title='bbox 219 2547 261 2590; x_wconf 80' lang='lat' dir='ltr'><strong>the</strong></span> <span class='ocrx_word' id='word_1_156' title='bbox 401 2538 468 2602; x_wconf 91' lang='lat' dir='ltr'><strong>Hic</strong></span> <span class='ocrx_word' id='word_1_157' title='bbox 493 2558 572 2603; x_wconf 92' lang='lat' dir='ltr'><strong>uero</strong></span> <span class='ocrx_word' id='word_1_158' title='bbox 598 2539 703 2604; x_wconf 91' lang='lat' dir='ltr'><strong>uirum</strong></span> <span class='ocrx_word' id='word_1_159' title='bbox 732 2540 960 2604; x_wconf 90' lang='lat' dir='ltr'><strong>uenerandum</strong></span> <span class='ocrx_word' id='word_1_160' title='bbox 989 2547 1023 2603; x_wconf 89' lang='lat' dir='ltr'><strong>et</strong></span> <span class='ocrx_word' id='word_1_161' title='bbox 1047 2558 1107 2623; x_wconf 92' lang='lat' dir='ltr'><strong>per</strong></span> <span class='ocrx_word' id='word_1_162' title='bbox 1132 2540 1246 2604; x_wconf 89' lang='lat' dir='ltr'><strong>omnia</strong></span> <span class='ocrx_word' id='word_1_163' title='bbox 1271 2558 1440 2603; x_wconf 91' lang='lat' dir='ltr'><strong>commen-</strong></span> 
     </span>
    </p>
   </div>
   <div class='ocr_carea' id='block_1_4' title="bbox 170 2597 264 2650">
    <p class='ocr_par' dir='ltr' id='par_1_5' title="bbox 170 2597 264 2650">
     <span class='ocr_line' id='line_1_22' title="bbox 170 2597 264 2650; baseline 0.032 -12"><span class='ocrx_word' id='word_1_164' title='bbox 170 2598 227 2650; x_wconf 85' lang='lat' dir='ltr'><strong>help</strong></span> <span class='ocrx_word' id='word_1_165' title='bbox 236 2597 264 2641; x_wconf 81' lang='lat' dir='ltr'><strong>oi</strong></span> 
     </span>
    </p>
   </div>
   <div class='ocr_carea' id='block_1_5' title="bbox 171 2643 1442 2742">
    <p class='ocr_par' dir='ltr' id='par_1_6' title="bbox 171 2643 1442 2742">
     <span class='ocr_line' id='line_1_23' title="bbox 171 2643 1442 2742; baseline 0.005 -39"><span class='ocrx_word' id='word_1_166' title='bbox 171 2648 320 2742; x_wconf 56' lang='lat' dir='ltr'><strong>{fflj‘</strong></span> <span class='ocrx_word' id='word_1_167' title='bbox 333 2643 483 2708; x_wconf 91' lang='lat' dir='ltr'><strong>dandum</strong></span> <span class='ocrx_word' id='word_1_168' title='bbox 507 2643 648 2708; x_wconf 90' lang='lat' dir='ltr'><strong>militem</strong></span> <span class='ocrx_word' id='word_1_169' title='bbox 672 2645 844 2728; x_wconf 88' lang='lat' dir='ltr'><strong>egregium</strong></span> <span class='ocrx_word' id='word_1_170' title='bbox 872 2643 1081 2708; x_wconf 88' lang='lat' dir='ltr'><strong>Euerardum</strong></span> <span class='ocrx_word' id='word_1_171' title='bbox 1104 2645 1147 2709; x_wconf 92' lang='lat' dir='ltr'><strong>de</strong></span> <span class='ocrx_word' id='word_1_172' title='bbox 1172 2645 1281 2709; x_wconf 90' lang='lat' dir='ltr'><strong>Beche</strong></span> <span class='ocrx_word' id='word_1_173' title='bbox 1303 2646 1346 2709; x_wconf 92' lang='lat' dir='ltr'><strong>ad</strong></span> <span class='ocrx_word' id='word_1_174' title='bbox 1369 2644 1442 2708; x_wconf 88' lang='lat' dir='ltr'><strong>offi-</strong></span> 
     </span>
    </p>
   </div>
   <div class='ocr_carea' id='block_1_6' title="bbox 168 2747 1441 2842">
    <p class='ocr_par' dir='ltr' id='par_1_7' title="bbox 168 2747 1441 2842">
     <span class='ocr_line' id='line_1_24' title="bbox 168 2747 1441 2842; baseline 0.005 -36"><span class='ocrx_word' id='word_1_175' title='bbox 168 2747 312 2842; x_wconf 52' lang='lat' dir='ltr'><strong>ffilgffieh</strong></span> <span class='ocrx_word' id='word_1_176' title='bbox 333 2747 482 2810; x_wconf 86' lang='lat' dir='ltr'><strong>cinarum</strong></span> <span class='ocrx_word' id='word_1_177' title='bbox 503 2759 538 2812; x_wconf 94' lang='lat' dir='ltr'><strong>et</strong></span> <span class='ocrx_word' id='word_1_178' title='bbox 559 2749 697 2812; x_wconf 88' lang='lat' dir='ltr'><strong>ecclesie</strong></span> <span class='ocrx_word' id='word_1_179' title='bbox 721 2749 1009 2813; x_wconf 90' lang='lat' dir='ltr'><strong>construxtionem</strong></span> <span class='ocrx_word' id='word_1_180' title='bbox 1033 2749 1095 2812; x_wconf 94' lang='lat' dir='ltr'><strong>sibi</strong></span> <span class='ocrx_word' id='word_1_181' title='bbox 1119 2751 1296 2827; x_wconf 91' lang='lat' dir='ltr'><strong>associans,</strong></span> <span class='ocrx_word' id='word_1_182' title='bbox 1317 2759 1350 2812; x_wconf 92' lang='lat' dir='ltr'><strong>et</strong></span> <span class='ocrx_word' id='word_1_183' title='bbox 1370 2749 1441 2812; x_wconf 89' lang='lat' dir='ltr'><strong>eius</strong></span> 
     </span>
    </p>
   </div>
   <div class='ocr_carea' id='block_1_7' title="bbox 167 2848 1441 3457">
    <p class='ocr_par' dir='ltr' id='par_1_8' title="bbox 168 2848 1441 2943">
     <span class='ocr_line' id='line_1_25' title="bbox 168 2848 1441 2943; baseline 0.002 -33"><span class='ocrx_word' id='word_1_184' title='bbox 168 2849 311 2943; x_wconf 57' lang='lat' dir='ltr'><strong>ggggggf</strong></span> <span class='ocrx_word' id='word_1_185' title='bbox 332 2848 472 2910; x_wconf 88' lang='lat' dir='ltr'><strong>consilio</strong></span> <span class='ocrx_word' id='word_1_186' title='bbox 495 2860 529 2913; x_wconf 90' lang='lat' dir='ltr'><strong>et</strong></span> <span class='ocrx_word' id='word_1_187' title='bbox 550 2849 680 2913; x_wconf 86' lang='lat' dir='ltr'><strong>auxilio</strong></span> <span class='ocrx_word' id='word_1_188' title='bbox 703 2858 809 2927; x_wconf 88' lang='lat' dir='ltr'><strong>utens,</strong></span> <span class='ocrx_word' id='word_1_189' title='bbox 831 2848 1005 2914; x_wconf 92' lang='lat' dir='ltr'><strong>ecclesiam</strong></span> <span class='ocrx_word' id='word_1_190' title='bbox 1032 2849 1113 2912; x_wconf 91' lang='lat' dir='ltr'><strong>mire</strong></span> <span class='ocrx_word' id='word_1_191' title='bbox 1141 2848 1381 2932; x_wconf 84' lang='lat' dir='ltr'><strong>magnitudinis</strong></span> <span class='ocrx_word' id='word_1_192' title='bbox 1407 2858 1441 2912; x_wconf 89' lang='lat' dir='ltr'><strong>et</strong></span> 
     </span>
    </p>

    <p class='ocr_par' dir='ltr' id='par_1_9' title="bbox 332 2953 1441 3038">
     <span class='ocr_line' id='line_1_26' title="bbox 332 2953 1441 3038; baseline 0.001 -22"><span class='ocrx_word' id='word_1_193' title='bbox 332 2954 510 3034; x_wconf 88' lang='lat' dir='ltr'><strong>ponderosi</strong></span> <span class='ocrx_word' id='word_1_194' title='bbox 532 2957 642 3038; x_wconf 88' lang='lat' dir='ltr'><strong>operis</strong></span> <span class='ocrx_word' id='word_1_195' title='bbox 664 2975 684 3019; x_wconf 93' lang='lat' dir='ltr'><strong>a</strong></span> <span class='ocrx_word' id='word_1_196' title='bbox 709 2955 868 3019; x_wconf 89' lang='lat' dir='ltr'><strong>iamdicto</strong></span> <span class='ocrx_word' id='word_1_197' title='bbox 896 2955 1034 3038; x_wconf 88' lang='lat' dir='ltr'><strong>Pagano</strong></span> <span class='ocrx_word' id='word_1_198' title='bbox 1057 2953 1192 3036; x_wconf 86' lang='lat' dir='ltr'><strong>egregio</strong></span> <span class='ocrx_word' id='word_1_199' title='bbox 1214 2954 1287 3017; x_wconf 88' lang='lat' dir='ltr'><strong>uiro</strong></span> <span class='ocrx_word' id='word_1_200' title='bbox 1309 2954 1441 3036; x_wconf 85' lang='lat' dir='ltr'><strong>egregie</strong></span> 
     </span>
    </p>

    <p class='ocr_par' dir='ltr' id='par_1_10' title="bbox 331 3056 1440 3141">
     <span class='ocr_line' id='line_1_27' title="bbox 331 3056 1440 3141; baseline 0.003 -21"><span class='ocrx_word' id='word_1_201' title='bbox 331 3056 523 3124; x_wconf 82' lang='lat' dir='ltr'><strong>inchoatam</strong></span> <span class='ocrx_word' id='word_1_202' title='bbox 554 3058 705 3125; x_wconf 85' lang='lat' dir='ltr'><strong>funditus</strong></span> <span class='ocrx_word' id='word_1_203' title='bbox 734 3061 863 3136; x_wconf 88' lang='lat' dir='ltr'><strong>euertit,</strong></span> <span class='ocrx_word' id='word_1_204' title='bbox 892 3058 1061 3141; x_wconf 90' lang='lat' dir='ltr'><strong>aliamque</strong></span> <span class='ocrx_word' id='word_1_205' title='bbox 1090 3057 1319 3122; x_wconf 90' lang='lat' dir='ltr'><strong>decenciorem</strong></span> <span class='ocrx_word' id='word_1_206' title='bbox 1350 3078 1440 3123; x_wconf 92' lang='lat' dir='ltr'><strong>com·</strong></span> 
     </span>
    </p>

    <p class='ocr_par' dir='ltr' id='par_1_11' title="bbox 257 3160 1440 3334">
     <span class='ocr_line' id='line_1_28' title="bbox 257 3160 1440 3248; baseline -0.005 -16"><span class='ocrx_word' id='word_1_207' title='bbox 257 3182 274 3232; x_wconf 82' lang='lat' dir='ltr'><strong>t.</strong></span> <span class='ocrx_word' id='word_1_208' title='bbox 288 3198 318 3246; x_wconf 78' lang='lat'><strong>23</strong></span> <span class='ocrx_word' id='word_1_209' title='bbox 332 3160 445 3244; x_wconf 90' lang='lat' dir='ltr'><strong>pleuit,</strong></span> <span class='ocrx_word' id='word_1_210' title='bbox 468 3164 669 3248; x_wconf 85' lang='lat' dir='ltr'><strong>completam</strong></span> <span class='ocrx_word' id='word_1_211' title='bbox 698 3164 844 3230; x_wconf 90' lang='lat' dir='ltr'><strong>dedicari</strong></span> <span class='ocrx_word' id='word_1_212' title='bbox 867 3163 970 3241; x_wconf 84' lang='lat' dir='ltr'><strong>secit¹,</strong></span> <span class='ocrx_word' id='word_1_213' title='bbox 993 3163 1182 3228; x_wconf 89' lang='lat' dir='ltr'><strong>dedicatam</strong></span> <span class='ocrx_word' id='word_1_214' title='bbox 1207 3162 1322 3228; x_wconf 91' lang='lat' dir='ltr'><strong>multis</strong></span> <span class='ocrx_word' id='word_1_215' title='bbox 1345 3183 1440 3228; x_wconf 89' lang='lat' dir='ltr'><strong>orna-</strong></span> 
     </span>
     <span class='ocr_line' id='line_1_29' title="bbox 331 3265 655 3334; baseline 0.012 -5"><span class='ocrx_word' id='word_1_216' title='bbox 331 3265 454 3330; x_wconf 88' lang='lat' dir='ltr'><strong>mentis</strong></span> <span class='ocrx_word' id='word_1_217' title='bbox 476 3269 655 3334; x_wconf 86' lang='lat' dir='ltr'><strong>decorauit.</strong></span> 
     </span>
    </p>

    <p class='ocr_par' dir='ltr' id='par_1_12' title="bbox 167 3370 1440 3457">
     <span class='ocr_line' id='line_1_30' title="bbox 167 3370 1440 3457; baseline 0.002 -23"><span class='ocrx_word' id='word_1_218' title='bbox 167 3379 274 3422; x_wconf 64' lang='lat' dir='ltr'><strong>obtulus</strong></span> <span class='ocrx_word' id='word_1_219' title='bbox 399 3370 451 3434; x_wconf 90' lang='lat' dir='ltr'><strong>Eo</strong></span> <span class='ocrx_word' id='word_1_220' title='bbox 471 3391 605 3454; x_wconf 90' lang='lat' dir='ltr'><strong>quoque</strong></span> <span class='ocrx_word' id='word_1_221' title='bbox 625 3373 771 3438; x_wconf 91' lang='lat' dir='ltr'><strong>instante</strong></span> <span class='ocrx_word' id='word_1_222' title='bbox 792 3384 826 3438; x_wconf 93' lang='lat' dir='ltr'><strong>et</strong></span> <span class='ocrx_word' id='word_1_223' title='bbox 847 3374 1010 3438; x_wconf 90' lang='lat' dir='ltr'><strong>instanter</strong></span> <span class='ocrx_word' id='word_1_224' title='bbox 1030 3371 1192 3457; x_wconf 88' lang='lat' dir='ltr'><strong>pulsante,</strong></span> <span class='ocrx_word' id='word_1_225' title='bbox 1208 3373 1257 3436; x_wconf 90' lang='lat' dir='ltr'><strong>vir</strong></span> <span class='ocrx_word' id='word_1_226' title='bbox 1273 3373 1440 3437; x_wconf 90' lang='lat' dir='ltr'><strong>inestima-</strong></span> 
     </span>
    </p>
   </div>
   <div class='ocr_carea' id='block_1_8' title="bbox 166 3429 1441 3560">
    <p class='ocr_par' dir='ltr' id='par_1_13' title="bbox 166 3429 1441 3560">
     <span class='ocr_line' id='line_1_31' title="bbox 166 3429 1441 3560; baseline 0.005 -25"><span class='ocrx_word' id='word_1_227' title='bbox 166 3429 276 3522; x_wconf 42' lang='lat' dir='ltr'><strong>migr</strong></span> <span class='ocrx_word' id='word_1_228' title='bbox 331 3473 406 3538; x_wconf 94' lang='lat' dir='ltr'><strong>bilis</strong></span> <span class='ocrx_word' id='word_1_229' title='bbox 433 3485 467 3539; x_wconf 88' lang='lat' dir='ltr'><strong>et</strong></span> <span class='ocrx_word' id='word_1_230' title='bbox 494 3475 762 3560; x_wconf 88' lang='lat' dir='ltr'><strong>incomparabilis</strong></span> <span class='ocrx_word' id='word_1_231' title='bbox 792 3476 953 3541; x_wconf 90' lang='lat' dir='ltr'><strong>bonitatis</strong></span> <span class='ocrx_word' id='word_1_232' title='bbox 983 3487 1018 3541; x_wconf 92' lang='lat' dir='ltr'><strong>et</strong></span> <span class='ocrx_word' id='word_1_233' title='bbox 1047 3476 1223 3560; x_wconf 90' lang='lat' dir='ltr'><strong>probitatis</strong></span> <span class='ocrx_word' id='word_1_234' title='bbox 1254 3476 1441 3541; x_wconf 91' lang='lat' dir='ltr'><strong>Willelmus</strong></span> 
     </span>
    </p>
   </div>
   <div class='ocr_carea' id='block_1_9' title="bbox 167 3531 1442 4064">
    <p class='ocr_par' dir='ltr' id='par_1_14' title="bbox 167 3531 1442 3979">
     <span class='ocr_line' id='line_1_32' title="bbox 167 3531 1439 3684; baseline 0.005 -45"><span class='ocrx_word' id='word_1_235' title='bbox 167 3531 307 3684; x_wconf 50' lang='lat' dir='ltr'><strong>{5¹:¹53ng</strong></span> <span class='ocrx_word' id='word_1_236' title='bbox 332 3576 488 3660; x_wconf 91' lang='lat' dir='ltr'><strong>Elyensis</strong></span> <span class='ocrx_word' id='word_1_237' title='bbox 508 3579 710 3663; x_wconf 77' lang='lat' dir='ltr'><strong>Episcopus²</strong></span> <span class='ocrx_word' id='word_1_238' title='bbox 728 3579 884 3644; x_wconf 89' lang='lat' dir='ltr'><strong>ecclesias</strong></span> <span class='ocrx_word' id='word_1_239' title='bbox 905 3581 948 3644; x_wconf 92' lang='lat' dir='ltr'><strong>de</strong></span> <span class='ocrx_word' id='word_1_240' title='bbox 970 3579 1089 3656; x_wconf 87' lang='lat' dir='ltr'><strong>Beche,</strong></span> <span class='ocrx_word' id='word_1_241' title='bbox 1105 3579 1149 3644; x_wconf 89' lang='lat' dir='ltr'><strong>de</strong></span> <span class='ocrx_word' id='word_1_242' title='bbox 1172 3579 1361 3658; x_wconf 90' lang='lat' dir='ltr'><strong>Caldecote,</strong></span> <span class='ocrx_word' id='word_1_243' title='bbox 1376 3577 1439 3664; x_wconf 92' lang='lat' dir='ltr'><strong>[et]</strong></span> 
     </span>
     <span class='ocr_line' id='line_1_33' title="bbox 331 3681 1441 3769; baseline 0 -21"><span class='ocrx_word' id='word_1_244' title='bbox 331 3681 447 3749; x_wconf 87' lang='lat' dir='ltr'><strong>Sancti</strong></span> <span class='ocrx_word' id='word_1_245' title='bbox 484 3684 595 3768; x_wconf 88' lang='lat' dir='ltr'><strong>Egidij</strong></span> <span class='ocrx_word' id='word_1_246' title='bbox 632 3685 675 3749; x_wconf 93' lang='lat' dir='ltr'><strong>de</strong></span> <span class='ocrx_word' id='word_1_247' title='bbox 711 3684 936 3768; x_wconf 89' lang='lat' dir='ltr'><strong>Cantebrigia,</strong></span> <span class='ocrx_word' id='word_1_248' title='bbox 968 3687 1034 3749; x_wconf 90' lang='lat' dir='ltr'><strong>iam</strong></span> <span class='ocrx_word' id='word_1_249' title='bbox 1070 3683 1198 3768; x_wconf 90' lang='lat' dir='ltr'><strong>pridem</strong></span> <span class='ocrx_word' id='word_1_250' title='bbox 1233 3685 1441 3769; x_wconf 89' lang='lat' dir='ltr'><strong>negligenter</strong></span> 
     </span>
     <span class='ocr_line' id='line_1_34' title="bbox 330 3777 1442 3869; baseline 0.003 -18"><span class='ocrx_word' id='word_1_251' title='bbox 330 3788 501 3868; x_wconf 89' lang='lat' dir='ltr'><strong>alienatas,</strong></span> <span class='ocrx_word' id='word_1_252' title='bbox 528 3777 599 3854; x_wconf 83' lang='lat' dir='ltr'><strong>siue</strong></span> <span class='ocrx_word' id='word_1_253' title='bbox 626 3791 746 3855; x_wconf 89' lang='lat' dir='ltr'><strong>iniuste</strong></span> <span class='ocrx_word' id='word_1_254' title='bbox 776 3788 915 3868; x_wconf 91' lang='lat' dir='ltr'><strong>ablatas,</strong></span> <span class='ocrx_word' id='word_1_255' title='bbox 941 3790 1056 3853; x_wconf 90' lang='lat' dir='ltr'><strong>usibus</strong></span> <span class='ocrx_word' id='word_1_256' title='bbox 1087 3789 1225 3854; x_wconf 77' lang='lat' dir='ltr'><strong>fratrum</strong></span> <span class='ocrx_word' id='word_1_257' title='bbox 1255 3789 1442 3869; x_wconf 88' lang='lat' dir='ltr'><strong>concessit;</strong></span> 
     </span>
     <span class='ocr_line' id='line_1_35' title="bbox 330 3894 910 3979; baseline 0.003 -23"><span class='ocrx_word' id='word_1_258' title='bbox 330 3914 505 3958; x_wconf 88' lang='lat' dir='ltr'><strong>concessas</strong></span> <span class='ocrx_word' id='word_1_259' title='bbox 535 3895 659 3979; x_wconf 91' lang='lat' dir='ltr'><strong>scripto</strong></span> <span class='ocrx_word' id='word_1_260' title='bbox 682 3894 910 3959; x_wconf 84' lang='lat' dir='ltr'><strong>communiuit</strong></span> 
     </span>
    </p>

    <p class='ocr_par' dir='ltr' id='par_1_15' title="bbox 397 3997 1438 4064">
     <span class='ocr_line' id='line_1_36' title="bbox 397 3997 1438 4064; baseline 0 -3"><span class='ocrx_word' id='word_1_261' title='bbox 397 3998 492 4064; x_wconf 88' lang='lat' dir='ltr'><strong>Idem</strong></span> <span class='ocrx_word' id='word_1_262' title='bbox 520 4000 624 4063; x_wconf 88' lang='lat' dir='ltr'><strong>eciam</strong></span> <span class='ocrx_word' id='word_1_263' title='bbox 651 3999 744 4062; x_wconf 92' lang='lat' dir='ltr'><strong>Prior</strong></span> <span class='ocrx_word' id='word_1_264' title='bbox 769 3997 966 4062; x_wconf 87' lang='lat' dir='ltr'><strong>uenerabilis</strong></span> <span class='ocrx_word' id='word_1_265' title='bbox 997 3999 1132 4062; x_wconf 89' lang='lat' dir='ltr'><strong>missam</strong></span> <span class='ocrx_word' id='word_1_266' title='bbox 1165 3997 1198 4060; x_wconf 90' lang='lat' dir='ltr'><strong>in</strong></span> <span class='ocrx_word' id='word_1_267' title='bbox 1228 3998 1354 4062; x_wconf 90' lang='lat' dir='ltr'><strong>honore</strong></span> <span class='ocrx_word' id='word_1_268' title='bbox 1384 3999 1438 4063; x_wconf 89' lang='lat' dir='ltr'><strong>dei</strong></span> 
     </span>
    </p>
   </div>
   <div class='ocr_carea' id='block_1_10' title="bbox 330 4101 1440 4186">
    <p class='ocr_par' dir='ltr' id='par_1_16' title="bbox 330 4101 1440 4186">
     <span class='ocr_line' id='line_1_37' title="bbox 330 4101 1440 4186; baseline -0.001 -19"><span class='ocrx_word' id='word_1_269' title='bbox 330 4105 498 4186; x_wconf 89' lang='lat' dir='ltr'><strong>genitricis</strong></span> <span class='ocrx_word' id='word_1_270' title='bbox 520 4104 623 4166; x_wconf 88' lang='lat' dir='ltr'><strong>marie</strong></span> <span class='ocrx_word' id='word_1_271' title='bbox 643 4102 782 4184; x_wconf 90' lang='lat' dir='ltr'><strong>singulis</strong></span> <span class='ocrx_word' id='word_1_272' title='bbox 802 4101 920 4165; x_wconf 91' lang='lat' dir='ltr'><strong>diebus</strong></span> <span class='ocrx_word' id='word_1_273' title='bbox 941 4121 1000 4184; x_wconf 91' lang='lat' dir='ltr'><strong>per</strong></span> <span class='ocrx_word' id='word_1_274' title='bbox 1019 4121 1144 4165; x_wconf 92' lang='lat' dir='ltr'><strong>annum</strong></span> <span class='ocrx_word' id='word_1_275' title='bbox 1166 4103 1199 4165; x_wconf 92' lang='lat' dir='ltr'><strong>in</strong></span> <span class='ocrx_word' id='word_1_276' title='bbox 1223 4121 1282 4165; x_wconf 90' lang='lat' dir='ltr'><strong>sua</strong></span> <span class='ocrx_word' id='word_1_277' title='bbox 1300 4101 1440 4166; x_wconf 85' lang='lat' dir='ltr'><strong>ecclesia</strong></span> 
     </span>
    </p>
   </div>
   <div class='ocr_carea' id='block_1_11' title="bbox 382 4281 1439 4348">
    <p class='ocr_par' dir='ltr' id='par_1_17' title="bbox 382 4281 1439 4348">
     <span class='ocr_line' id='line_1_38' title="bbox 382 4281 1439 4348; baseline -0.004 -14"><span class='ocrx_word' id='word_1_278' title='bbox 382 4283 473 4334; x_wconf 83' lang='lat' dir='ltr'><strong>¹&#39;l&#39;his</strong></span> <span class='ocrx_word' id='word_1_279' title='bbox 497 4283 641 4334; x_wconf 86' lang='lat' dir='ltr'><strong>dedication</strong></span> <span class='ocrx_word' id='word_1_280' title='bbox 666 4284 727 4332; x_wconf 85' lang='lat' dir='ltr'><strong>toolr</strong></span> <span class='ocrx_word' id='word_1_281' title='bbox 754 4283 826 4348; x_wconf 87' lang='lat' dir='ltr'><strong>place</strong></span> <span class='ocrx_word' id='word_1_282' title='bbox 852 4297 880 4333; x_wconf 80' lang='lat' dir='ltr'><strong>rr</strong></span> <span class='ocrx_word' id='word_1_283' title='bbox 906 4283 969 4348; x_wconf 79' lang='lat' dir='ltr'><strong>Apr.</strong></span> <span class='ocrx_word' id='word_1_284' title='bbox 996 4297 1065 4346; x_wconf 84' lang='lat'><strong>¹190·</strong></span> <span class='ocrx_word' id='word_1_285' title='bbox 1112 4281 1161 4332; x_wconf 89' lang='lat' dir='ltr'><strong>See</strong></span> <span class='ocrx_word' id='word_1_286' title='bbox 1187 4282 1277 4342; x_wconf 87' lang='lat' dir='ltr'><strong>below,</strong></span> <span class='ocrx_word' id='word_1_287' title='bbox 1302 4281 1374 4331; x_wconf 86' lang='lat' dir='ltr'><strong>Book</strong></span> <span class='ocrx_word' id='word_1_288' title='bbox 1400 4293 1439 4330; x_wconf 82' lang='lat' dir='ltr'><strong>tv.</strong></span> 
     </span>
    </p>
   </div>
   <div class='ocr_carea' id='block_1_12' title="bbox 329 4367 1280 4516">
    <p class='ocr_par' dir='ltr' id='par_1_18' title="bbox 329 4367 1280 4516">
     <span class='ocr_line' id='line_1_39' title="bbox 329 4367 1280 4516; baseline -0.007 -15"><span class='ocrx_word' id='word_1_289' title='bbox 329 4367 515 4500; x_wconf 54' lang='lat' dir='ltr'><strong>Chlpwilliam</strong></span> <span class='ocrx_word' id='word_1_290' title='bbox 528 4449 700 4516; x_wconf 81' lang='lat' dir='ltr'><strong>Longehamp,</strong></span> <span class='ocrx_word' id='word_1_291' title='bbox 714 4449 753 4516; x_wconf 89' lang='lat' dir='ltr'><strong>Bp</strong></span> <span class='ocrx_word' id='word_1_292' title='bbox 765 4449 794 4499; x_wconf 85' lang='lat' dir='ltr'><strong>ol</strong></span> <span class='ocrx_word' id='word_1_293' title='bbox 803 4448 851 4514; x_wconf 73' lang='grc' dir='ltr'><strong>ΕΙ]</strong></span> <span class='ocrx_word' id='word_1_294' title='bbox 866 4448 1025 4514; x_wconf 80' lang='lat'>1189-1196</span> <span class='ocrx_word' id='word_1_295' title='bbox 1038 4448 1074 4513; x_wconf 87' lang='lat' dir='ltr'><strong>(d.</strong></span> <span class='ocrx_word' id='word_1_296' title='bbox 1087 4448 1186 4513; x_wconf 77' lang='lat' dir='ltr'><strong>31Jan.</strong></span> <span class='ocrx_word' id='word_1_297' title='bbox 1199 4444 1280 4512; x_wconf 77' lang='lat'>1196).</span> 
     </span>
    </p>
   </div>
   <div class='ocr_carea' id='block_1_13' title="bbox 0 0 1610 5064">
    <p class='ocr_par' dir='ltr' id='par_1_19' title="bbox 0 0 1610 5064">
     <span class='ocr_line' id='line_1_40' title="bbox 0 0 1610 5064; baseline 0 4"><span class='ocrx_word' id='word_1_298' title='bbox 0 0 1610 5064; x_wconf 95' lang='lat' dir='ltr'><strong> </strong></span> 
     </span>
    </p>
   </div>
  </div>
 </body>
</html>
