3222 5086
171 367 236 468 111]
285 368 346 468 Os
355 368 414 443 che
431 365 541 443 lzouse
559 366 600 440 in
618 366 679 440 che
688 365 827 464 parislz
844 366 893 463 of
902 365 941 440 S.
963 363 1163 462 Sepulchra
1210 367 1278 458 183

172 554 330 636 parochia
347 553 463 620 Sancti
480 550 664 634 Sepulchri,
679 559 713 614 et
733 551 856 634 optulit
878 550 1072 613 caucionem
1095 549 1207 626 Priori,
1222 549 1281 612 sed
1296 541 1422 636 §ggtssul

175 659 267 724 Prior
287 658 394 724 noluit
414 657 566 743 recipere
615 656 676 720 Ille
701 675 780 719 uero
801 655 960 738 magister
980 653 1119 717 accessit
1134 653 1177 716 ad
1194 652 1282 718 Can·
1296 644 1394 737 ξῖῗζξ·

174 763 342 830 cellarium
373 771 408 828 et
437 761 532 827 dedit
561 762 591 826 ei
618 760 823 837 caucionem,
849 767 882 824 et
909 760 955 823 sic
982 758 1120 822 tenebat
1143 758 1281 822 domum
1297 744 1422 838 ξξῖξξκῖξ

176 868 294 932 Prioris
317 876 434 931 contra
456 865 526 930 eius
549 864 768 929 uoluntatem.
814 863 1013 928 Pensionern
1034 863 1140 926 eciam
1161 861 1282 925 domus
1296 845 1428 939 malgero

175 974 318 1050 retinuit,
333 991 483 1036 asserens
498 990 534 1034 se
550 989 720 1053 nunquam
737 969 865 1033 soluere
877 968 940 1032 nisi
954 967 1046 1031 Prior
1058 967 1158 1032 uellet
1169 986 1282 1031 coram
1297 949 1314 999 s·
1326 947 1381 1000 ⁶⁸¹²

176 1075 383 1142 Cancellario
410 1075 550 1157 litigare,
573 1074 653 1157 quia
677 1074 846 1139 nitebatur
872 1073 1018 1136 Priorem
1044 1083 1079 1136 et
1105 1073 1283 1137 canonicos

175 1201 252 1246 suos
276 1179 408 1245 trahere
434 1179 478 1244 ad
500 1177 769 1262 jurisdiccionem
795 1175 991 1258 Cancellarij
1022 1187 1084 1240 etc.
1132 1176 1176 1239 Et
1207 1175 1283 1240 ideo

175 1285 321 1369 portauit
338 1285 431 1348 Prior
446 1283 547 1348 breue
564 1304 651 1348 noue
666 1283 839 1348 disseisine
854 1302 953 1365 super
964 1281 1073 1364 ipsum
1087 1281 1282 1366 magistrum

178 1387 360 1454 Radull'um
399 1398 434 1454 et
472 1389 725 1464 Cancellarium,
761 1388 848 1452 vnde
884 1395 956 1451 tota
990 1385 1187 1450 vniuersitas
1222 1384 1284 1449 luit

176 1495 392 1559 uehementer
413 1493 565 1558 attonita

180 1695 247 1761 117.
293 1681 412 1744 Assisa
434 1690 544 1744 contra
569 1679 764 1764 mgrlrtmm
788 1676 976 1759 Radulsum
998 1677 1037 1741 dc
1065 1677 1228 1759 Leycestrc
1256 1685 1289 1740 et

606 1782 851 1850 camelarium.

228 1919 328 1974 Assisa
352 1919 428 1974 venit
452 1919 631 1990 recognitura
656 1918 679 1974 si
704 1919 841 1988 magister
866 1919 1005 1974 Radulsus
1027 1919 1063 1974 de
1087 1921 1236 1989 Leycestre
1257 1930 1286 1975 et
1300 1911 1450 2016 ἒὲζξζῑοοὴ

175 2007 311 2077 magister
329 2007 474 2063 Galfridus
490 2009 525 2062 de
544 2007 708 2063 Pakcnham
725 2007 830 2063 iniuste
842 2017 894 2064 etc.
908 2008 1146 2078 disseysiuerunt¹
1160 2009 1284 2064 Priorem
1300 2014 1430 2057 thehouoe

175 2097 212 2152 de
226 2098 397 2153 Bernewelle
415 2097 452 2152 de
470 2098 558 2152 libero
577 2107 739 2153 tenemento
758 2115 810 2153 suo
828 2097 857 2152 in
877 2097 1062 2168 cantebrigia
1081 2107 1146 2170 post
1165 2098 1285 2167 primam
1300 2063 1426 2157 ἷῗιιξῖξῖιι-ιγ

175 2197 228 2242 etc.
241 2197 269 2242 et
282 2188 357 2242 vnde
369 2187 496 2258 queritur
508 2188 584 2257 quod
601 2185 836 2257 disseysiuerunt¹
855 2202 921 2241 eum
937 2186 974 2241 de
990 2203 1047 2242 vno
1064 2186 1209 2256 mesuagio
1222 2203 1286 2241 curn
1300 2165 1383 2217 ‘⁸²²⁶'

176 2275 357 2345 pertinenciis
370 2285 422 2330 etc.
461 2275 500 2329 Et
512 2274 647 2344 magister
661 2273 799 2330 Radullus
811 2285 840 2330 et
850 2273 985 2344 magister
998 2275 1142 2330 Galin'dus
1155 2277 1287 2339 veniunt;

177 2371 204 2418 et
217 2363 353 2433 magister
363 2361 507 2417 Galsridus
517 2361 585 2416 dicit
595 2363 672 2433 quod
682 2363 742 2432 ipse
752 2361 839 2418 nichil
849 2362 936 2418 habet
945 2379 998 2418 nec
1008 2363 1113 2434 aliquid
1125 2365 1229 2418 clamat
1238 2361 1249 2396 ²
1258 2363 1287 2417 in

176 2450 304 2522 predicto
320 2449 467 2520 mesuagio
485 2466 537 2504 nec
556 2450 680 2520 aliquam
697 2449 829 2505 iniuriam
846 2451 906 2505 siue
922 2450 1111 2520 disseysinam
1129 2451 1195 2505 inde
1213 2451 1287 2520 fecit,

176 2548 229 2594 etc.
268 2539 305 2592 Et
324 2538 460 2607 magister
481 2537 619 2591 Radulsus
638 2537 803 2608 dicitquod
823 2538 882 2608 ipse
901 2538 988 2593 nichil
1009 2536 1129 2593 clamat²
1148 2537 1177 2592 in
1198 2539 1287 2593 libero

177 2637 338 2680 tenemento
357 2625 474 2696 predicti
494 2625 630 2695 mesuagij
650 2623 705 2680 nisi
724 2625 884 2697 hospicium
903 2643 985 2681 suum
1001 2636 1112 2680 tantum
1131 2629 1286 2683 secundum

177 2725 284 2770 statuta
305 2714 495 2770 uniuersitatis
518 2714 701 2784 Cantebrigie
725 2725 777 2770 etc.
817 2715 895 2770 Dicit
916 2714 992 2769 enim
1013 2715 1090 2786 quod
1112 2717 1287 2772 consuetudo

177 2803 368 2859 uniuersitatis
387 2803 512 2874 predicte
531 2802 596 2858 talis
620 2803 757 2874 estquod
776 2804 833 2857 duo
852 2802 977 2874 magistri
1003 2811 1031 2857 et
1055 2802 1113 2858 duo
1134 2805 1288 2874 burgenses

177 2891 304 2948 eiusdem
318 2893 382 2948 ville
395 2894 431 2948 de
443 2892 637 2964 quinquennio
651 2892 679 2946 in
693 2891 915 2963 quinquennium
927 2893 1062 2948 taxabunt
1075 2909 1175 2948 omnes
1186 2894 1288 2948 domos

178 2998 230 3052 pro
254 2981 408 3036 scolaribus
431 2981 460 3036 in
484 2981 593 3036 eisdem
618 2981 811 3036 inhabitandis
833 2997 883 3051 per
908 2992 1015 3036 cartam
1037 2981 1145 3036 domini
1170 2983 1288 3038 Henrici

180 3070 283 3142 Regis⁸
301 3087 387 3142 quarn
405 3070 511 3142 profert
530 3081 557 3124 et
576 3087 632 3140 quc
647 3070 701 3126 boc
717 3071 857 3125 testatur⁴.
896 3072 934 3124 Et
952 3071 1112 3141 dicitquod
1129 3073 1190 3144 ipse
1205 3089 1289 3143 super

178 3159 340 3216 huiusmodi
354 3159 532 3215 taxacionem
548 3159 677 3230 predicto
696 3160 784 3215 Priori
802 3177 854 3230 pro
870 3160 998 3231 predicto
1015 3161 1160 3232 mesuagio
1178 3163 1288 3217 soluen-

180 3247 248 3302 dam
271 3247 437 3302 caucionem
462 3247 562 3317 optulit
584 3261 646 3316 etc,
666 3257 696 3303 et
719 3249 789 3320 quia
811 3248 888 3304 idem
914 3247 994 3304 Prioi
1013 3251 1102 3305 noluit
1122 3251 1289 3307 cautionem

180 3337 257 3390 illam
270 3336 394 3408 recipere
407 3337 468 3408 ipse
481 3336 559 3392 dedit
577 3337 743 3392 caucionem
761 3339 938 3393 cancellario
955 3339 1080 3410 predicte
1097 3340 1289 3397 uniuersitatis

180 3441 232 3495 pro
244 3423 370 3492 predicto
382 3425 538 3494 mesuagio,
552 3436 634 3496 prout
652 3425 738 3480 moris
756 3437 799 3481 est
816 3427 844 3481 in
862 3427 963 3482 eadem
979 3427 1168 3490 uniuersitatis
1206 3431 1290 3485 Vnde

180 3513 250 3584 petit
259 3511 397 3582 judicium
410 3515 433 3567 si
447 3514 539 3569 assisa
556 3514 616 3568 fieri
632 3514 700 3571 inde
717 3514 820 3572 debeat
839 3518 875 3572 de
888 3517 960 3571 sicut
978 3518 1053 3573 idern
1068 3520 1147 3574 Prior
1159 3537 1234 3575 nunc
1247 3532 1289 3576 est

180 3603 300 3672 seysitus
325 3603 361 3658 de
381 3603 470 3658 libero
488 3613 652 3659 tenemento
671 3603 798 3660 eiusdem
816 3605 953 3676 mesuagij
974 3609 997 3661 si
1016 3608 1083 3663 velit
1105 3619 1157 3665 etc.
1181 3620 1209 3665 et
1229 3609 1290 3681 ipse

180 3700 294 3762 paratus
313 3688 380 3763 [est]
398 3693 507 3747 soluere
526 3692 619 3748 eidem
639 3693 728 3748 Priori
747 3711 799 3764 pro
817 3695 945 3766 predicto
965 3698 1112 3767 mesuagio
1133 3700 1289 3755 secundum

179 3779 357 3836 taracionem
375 3779 532 3853 predictam
551 3791 604 3838 etc.

235 3871 273 3925 Et
298 3869 377 3924 Prior
401 3870 470 3926 dicit
495 3871 571 3942 quod
595 3871 739 3943 predictus
763 3874 898 3944 magister
918 3874 1057 3930 Radult‘us
1082 3877 1226 3948 ingressus
1247 3886 1291 3933 est
1306 3887 1341 3928 Re
1359 3883 1390 3927 n-

181 3957 340 4028 predictum
352 3959 530 4028 mesuagium
547 3960 608 4015 sine
625 3959 745 4016 licencia
761 3969 789 4015 et
802 3962 948 4018 uoluntate
961 3963 1049 4033 ipsius
1064 3965 1176 4034 Prioris,
1189 3975 1218 4020 et
1230 3966 1292 4020 sine
1303 3948 1346 4027 ‘irie
1354 3934 1434 4027 {lull

231 4087 239 4119 ¹
256 4090 406 4156 disseytiuit,
421 4091 476 4142 MS.

231 4171 242 4202 ¹
257 4173 355 4234 clrmei,
369 4173 428 4224 MS.

232 4255 243 4287 ²
260 4256 333 4308 Alter
345 4257 422 4323 Regis
433 4258 476 4308 the
487 4257 567 4310 scribe
578 4259 623 4308 bas
635 4260 733 4311 written
748 4260 997 4312 ‘Ciuit'=Civitetis.

232 4339 242 4371 ⁴
260 4341 329 4392 Hen.
348 4341 411 4398 111,
428 4357 443 4406 3
461 4341 531 4407 May,
550 4358 620 4407 1²31,
632 4343 768 4394 addressed
784 4352 812 4394 to
829 4345 871 4396 the
890 4345 980 4409 Mayor
994 4347 1044 4396 and
1062 4345 1157 4395 Railills
1173 4347 1202 4396 oi
1215 4347 1291 4398 Cam·

185 4422 281 4488 bridge.
317 4423 375 4473 Rot.
388 4423 473 4474 Claus.
