3188 5078
134 381 207 484 vu]
491 379 651 454 Tonants
676 380 717 452 in
742 377 946 452 Barnwell
1172 397 1244 468 323

137 569 295 653 Hugonis
328 567 471 651 Mayner
500 565 604 650 patris
635 565 694 642 sui,
725 572 760 628 et
790 562 900 628 reddit
930 581 990 646 per
1019 581 1145 626 annum
1178 558 1245 642 .xij.

136 675 300 752 denarios,
323 673 363 755 .ij.
387 691 541 754 capones,

205 779 300 842 Idem
336 777 506 860 Johannes
544 783 636 840 tenet
670 793 774 838 vnum
813 773 1021 856 mesuagium
1057 773 1148 856 quod
1184 771 1246 835 fuit

137 881 306 950 WiIIeImi
325 882 356 945 le
381 881 521 964 Noreys‚
544 888 579 943 et
605 879 714 943 reddit
741 899 800 962 per
826 897 952 942 annum
975 877 1113 942 obolum
1142 875 1246 960 [quod

137 1009 227 1053 nunc
250 997 343 1053 tenet
365 1007 452 1051 vxor
473 983 567 1068 eius].

204 1093 373 1160 GaIIridus
405 1089 512 1156 DaIlis
539 1100 631 1155 tenet
655 1111 758 1155 uuam
789 1110 901 1154 acram
931 1098 1017 1154 terre
1047 1089 1089 1152 ad
1121 1087 1247 1150 molen-

138 1199 266 1276 dinum,
289 1209 322 1262 et
345 1197 456 1262 reddit
479 1215 685 1280 perannum
709 1194 752 1277 .ij.
774 1194 908 1271 solidos,
930 1192 971 1276 .ij.
995 1213 1150 1278 capones.

207 1304 302 1367 Idem
325 1301 494 1368 Galiridus
515 1311 608 1364 tenet
628 1299 801 1364 dimidiam
824 1318 934 1364 acram
957 1308 1043 1363 terre
1064 1299 1097 1361 in
1119 1317 1249 1380 campo,

138 1419 173 1474 et
200 1408 310 1473 reddit
333 1429 392 1492 per
419 1425 543 1471 annum
567 1428 604 1470 .v.
629 1405 783 1470 denarios
812 1403 859 1489 [et
883 1403 910 1487 .j.
934 1423 1118 1488 caponem:
1145 1423 1247 1487 quam

139 1513 251 1578 Alicia
275 1511 396 1596 Cokyn
421 1531 508 1575 nunc
531 1507 646 1593 tenet}

208 1617 371 1682 Ricardus
395 1616 425 1680 Ie
448 1613 576 1699 Taylur
598 1624 690 1679 tenet
713 1633 815 1678 vnum
842 1613 1051 1696 mesuagium
1074 1611 1164 1696 quod
1188 1605 1251 1677 Iuit

141 1723 320 1808 Kynhoge‚
340 1732 374 1788 et
397 1722 508 1787 reddit
531 1741 590 1805 per
613 1741 738 1784 annum
762 1720 830 1802 .xij.
855 1719 1007 1784 denarios
1032 1718 1137 1806 [quod
1163 1741 1250 1784 nunc

139 1837 233 1892 tenet
256 1848 341 1890 vxor
363 1825 457 1910 eius].

208 1932 352 2014 Speruer
381 1940 474 1995 tenet
499 1950 601 1994 vnum
630 1931 838 2012 mesuagium
867 1930 958 2013 quod
989 1931 1161 2013 quondam
1189 1927 1279 1994 suits·
1295 1934 1367 2000 179¹>

142 2035 282 2100 Roberti
304 2037 335 2100 le
357 2036 495 2111 Redere
517 2044 550 2098 et
571 2034 680 2098 reddit
701 2055 905 2117 perannum
927 2033 979 2117 .iij.
999 2035 1124 2101 solidos
1145 2035 1250 2120 [quod

141 2160 231 2205 nunc
246 2149 339 2205 tenet
356 2140 474 2204 Simon
489 2139 532 2201 de
548 2137 738 2222 Stoktone].

206 2244 378 2326 Johannes
390 2243 477 2307 filius
494 2242 630 2306 RIcardi
647 2241 720 2306 Peit
732 2253 824 2306 tenet
836 2263 938 2307 vnum
952 2245 1161 2326 mesuagium
1173 2264 1250 2308 cum

141 2349 248 2412 crofta
263 2350 305 2413 ad
324 2347 488 2412 venellam
505 2367 619 2411 versus
635 2349 771 2430 aquam‚'
783 2357 820 2412 et
838 2349 948 2412 reddit
969 2369 1168 2433 perannum
1185 2349 1250 2431 .iiij.

141 2453 267 2518 solidos
283 2453 465 2537 [Stoktone
481 2450 595 2534 tenet}

207 2558 379 2641 Joharmes
401 2556 431 2619 Ie
454 2555 535 2618 Man
554 2566 647 2620 tenet
662 2577 763 2620 vnum
785 2558 993 2640 mesuagium
1010 2558 1106 2620 iuxta
1123 2577 1251 2621 mesua-

141 2664 233 2745 gium
260 2663 415 2744 Hugonis
437 2659 530 2736 fabri,
546 2669 580 2724 et
600 2659 710 2725 reddit
728 2682 787 2744 per
808 2681 933 2725 aunum
955 2662 1016 2744 .vij.
1033 2662 1196 2736 denarios,
1212 2661 1251 2744 .ij.

141 2786 288 2850 capones
304 2765 409 2849 [quod
426 2785 514 2828 nunc
530 2775 622 2828 tenet
639 2764 724 2828 iilius
740 2765 913 2849 eiusdem}

210 2869 443 2933 Pittanciarius
465 2878 557 2934 tenet
577 2887 681 2933 vnum
704 2870 912 2952 mesuagium
932 2889 1008 2934 cum
1028 2870 1134 2934 crofta
1149 2890 1250 2954 quam

142 2972 314 3038 Galsridus
330 2972 423 3036 faber
443 2974 550 3036 tenuit
570 2975 660 3055 quod
683 2983 821 3037 vocatur
836 2975 1013 3052 Coldham,
1028 2986 1061 3039 et
1077 2975 1178 3040 debet
1194 2997 1252 3060 per

142 3097 268 3141 annum
285 3076 371 3140 duos
386 3075 511 3140 solidos
527 3076 568 3159 .ij.
583 3098 736 3160 capones.

212 3181 298 3245 Item
326 3181 414 3246 idem
442 3191 534 3246 tenet
561 3203 661 3246 vnam
687 3183 826 3246 crottam
852 3205 918 3267 que
941 3184 1002 3248 suit
1031 3185 1187 3268 Hugonis
1210 3187 1253 3251 de

144 3289 287 3366 Brumae,
302 3297 336 3352 et
352 3288 452 3352 debet
468 3309 527 3370 per
543 3308 668 3352 annum
685 3287 747 3371 .vij.
763 3289 925 3353 denarios.

211 3392 298 3457 Item
323 3393 411 3456 idem
435 3401 527 3457 tenet
550 3412 654 3456 vuum
680 3396 888 3476 mesuagium
912 3395 1002 3478 quod
1027 3395 1089 3459 suit
1114 3395 1253 3461 Henrici

144 3495 314 3581 [Feykin]‚
330 3507 364 3561 et
379 3497 480 3561 debet
496 3517 555 3580 per
571 3517 697 3560 annum
714 3497 768 3562 .xI.
784 3499 938 3562 denarios
954 3499 994 3580 .ij.
1011 3519 1165 3583 capones.

213 3599 298 3664 Item
316 3611 428 3664 custos
444 3599 486 3663 de
504 3591 743 3682 Steresb‘regge
758 3609 851 3664 tenet
867 3621 967 3665 vnam
984 3623 1096 3667 acram
1112 3612 1207 3682 terre,
1219 3613 1254 3667 et

142 3705 247 3769 debet
262 3725 461 3788 perannum
479 3704 529 3787 .vj.
545 3704 707 3769 denarios.

213 3809 305 3872 Prior
324 3810 368 3873 de
389 3809 591 3874 Bemewelle
612 3819 705 3874 tenet
725 3829 829 3874 vnum
852 3813 1058 3894 mesuagium
1081 3811 1171 3896 quod
1192 3812 1253 3878 suit

145 3913 274 3980 Oliueri
297 3913 327 3978 Ie
347 3925 458 3998 porter
479 3915 522 3979 ad
543 3916 653 3998 capud
675 3915 752 3980 ville
773 3937 872 4000 super
893 3919 1080 3994 mariscum,
1098 3929 1132 3982 et
1153 3919 1254 3983 debet

144 4037 347 4102 perannum
364 4017 416 4100 .iij.
432 4018 565 4084 solidos.

643 4105 801 4190 [Summa
816 4107 915 4190 .iiijli
931 4109 1049 4190 xviijs.
1066 4109 1171 4194 .viij.d.
1188 4108 1255 4193 ob.]
