3222 5086
129 371 191 470 ιιι]
313 373 425 471 Story
450 373 500 470 os
513 374 665 448 Enum'c
690 375 734 449 de
759 375 1034 450 Roclreclzouart
1171 399 1233 468 151

248 654 298 721 70.
342 641 394 704 De
415 641 573 724 magt'stro
596 640 759 705 Emen’cio
780 641 820 704 de
840 640 934 723 Rupe
959 639 1122 706 Cawardi.

197 795 345 879 Quidam
362 796 499 861 clericus
515 796 702 878 alienigena
718 805 858 859 uocatus
879 796 1038 878 magister
1055 795 1239 858 Emericius
1253 797 1387 891 {2¹33ng

127 900 172 962 de
189 900 287 983 Rupe
304 901 472 966 Cawardi¹
487 901 713 984 deprehensus
731 901 793 964 suit
809 901 841 963 in
858 899 936 963 villa
952 899 1165 982 Cantebrigie
1180 919 1240 982 per
1253 899 1390 994 ffiffi‘·

127 1004 305 1068 dominum
337 1005 519 1070 Henricum
547 1005 590 1069 de
620 1005 804 1088 Hastinges
829 1007 862 1068 in
890 1014 1040 1088 tempore
1067 1025 1183 1087 guerre
1205 1013 1239 1069 et

128 1110 252 1172 carceri
281 1110 499 1191 mancipatus.
545 1107 612 1191 Qui
639 1129 715 1172 cum
746 1109 871 1173 diceret
897 1129 933 1172 se
963 1128 1062 1191 posse
1092 1109 1239 1172 inuenire

129 1212 340 1278 fideiussores
364 1214 565 1279 sufficientes
588 1214 631 1278 de
654 1215 888 1297 redempcione
911 1233 971 1276 sua
996 1212 1157 1290 facienda,
1181 1213 1239 1276 ad·

127 1318 251 1381 ductus
267 1327 317 1381 est
333 1338 439 1401 usque
450 1319 493 1382 ad
510 1329 642 1402 portam
655 1319 697 1382 de
710 1317 912 1381 Bemewelle
925 1317 1065 1380 uinculis
1077 1318 1240 1393 astrictus,

127 1423 329 1506 rogauitque
353 1423 500 1486 Priorem
524 1422 712 1504 Julianum²
737 1421 908 1486 humiliter
930 1422 1020 1504 quod
1045 1421 1240 1486 fideiuberet

128 1545 192 1608 pro
207 1545 255 1590 eo,
288 1526 356 1592 Sed
374 1526 467 1589 Prior
483 1525 598 1604 noluit,
609 1537 679 1590 tum
696 1526 775 1610 quia
791 1526 987 1608 alienagena
997 1525 1071 1608 (sic)
1086 1525 1157 1603 fuit,
1167 1537 1239 1590 tum

128 1628 209 1712 quia
233 1629 379 1694 instabat
402 1639 536 1714 tempus
559 1651 683 1713 guerre.
730 1631 776 1694 Et
799 1631 846 1695 sic
869 1630 1034 1694 adductus
1058 1640 1129 1694 erat
1149 1629 1239 1694 idem

129 1734 290 1816 magister
320 1755 425 1817 usque
456 1735 488 1796 in
521 1733 783 1818 Suff[olchiamL
813 1745 847 1799 et
876 1736 997 1798 carceri
1030 1736 1239 1818 mancipatus

128 1858 304 1923 quousque
331 1861 426 1904 suam
453 1840 531 1904 iecit
558 1841 836 1924 redempcionem.
885 1841 1061 1904 Liberatus
1088 1860 1167 1905 uero
1196 1841 1239 1903 de

128 1944 263 2026 prisona
293 1943 461 2027 profectus
493 1945 646 2022 London,
677 1956 861 2029 expectans
892 1944 1040 2010 feliciora
1077 1957 1237 2027 tempora.

129 2046 344 2112 Adueniente
375 2071 454 2113 uero
486 2058 637 2132 tempore
668 2052 759 2134 pacis
790 2051 868 2115 fecit
898 2051 991 2114 citari
1022 2050 1168 2114 Priorem
1196 2049 1239 2114 de

129 2151 333 2217 Bernewelle
360 2174 472 2218 coram
498 2154 665 2237 judicibus
693 2155 761 2219 suis
788 2154 959 2238 delegatis,
984 2165 1102 2237 petens
1129 2153 1238 2218 abeo

127 2264 264 2318 centum
292 2255 391 2320 libras
419 2257 653 2339 sterlingorum
680 2276 721 2320 co
748 2256 849 2339 quod,
875 2277 951 2320 cum
979 2255 1115 2319 clericus
1142 2265 1239 2332 esset,

128 2359 246 2424 debuit
272 2381 348 2424 eum
378 2361 535 2426 liberasse
560 2363 602 2426 de
626 2362 780 2426 manibus
804 2362 1012 2426 inimicorum
1037 2380 1182 2436 suorum,
1204 2369 1238 2423 et

128 2464 245 2528 noluit.
292 2465 384 2529 Prior
399 2487 478 2529 uero
494 2466 697 2532 defendebat
713 2487 748 2530 se
765 2467 910 2542 uiriliter,
926 2475 960 2530 et
975 2466 1073 2530 datus
1089 2475 1139 2530 est
1154 2464 1240 2529 alius

129 2567 202 2632 dies
221 2569 330 2633 eidem
351 2569 454 2634 Priori
476 2571 550 2636 loco
565 2592 633 2655 quo
649 2573 747 2653 prius,
765 2571 808 2635 ad
825 2571 1052 2654 recipiendum
1068 2582 1103 2636 et
1117 2571 1238 2635 facien-

128 2673 211 2737 dum
235 2673 325 2755 quod
348 2673 403 2754 jus
428 2674 613 2738 dictauerit.
661 2675 874 2758 Perpendens
899 2676 991 2739 Prior
1013 2678 1126 2759 itaque
1148 2675 1239 2758 quod

129 2797 197 2840 non
229 2785 361 2860 poterat
392 2777 437 2840 ibi
468 2778 524 2841 diu
557 2777 687 2861 litigare
716 2781 788 2843 sine
818 2779 987 2844 laboribus
1017 2791 1051 2844 et
1081 2780 1239 2864 expensis

127 2881 346 2965 grauioribus,
370 2881 447 2946 lecit
468 2903 544 2946 cum
570 2885 689 2947 eodem
712 2885 873 2966 magistro
896 2905 1013 2968 pacem
1038 2905 1099 2969 pro
1122 2887 1238 2950 decem

127 2986 220 3049 libris
243 2984 477 3067 sterlingorum
499 3007 582 3069 quas
603 2987 633 3050 ei
655 2987 755 3052 soluit
777 2988 861 3052 infra
882 2989 983 3053 breue
1004 2998 1144 3073 tempus.
1193 2991 1238 3056 Et

126 3088 286 3152 sustinuit
318 3087 410 3150 Prior
441 3089 602 3152 iacturam
633 3099 668 3154 et
698 3091 884 3174 dampnum
915 3091 1003 3155 vnde
1041 3094 1132 3175 prius
1170 3113 1237 3158 non

127 3193 292 3258 habuerat
315 3191 589 3258 emolumentum.

231 3463 280 3530 71.
327 3449 379 3513 De
391 3449 527 3532 placitas
549 3449 583 3514 in
608 3451 721 3515 itinere
731 3451 998 3534 Jicsticiariorum
1021 3472 1128 3516 coram

281 3551 411 3615 domino
427 3551 579 3636 Johanne
600 3552 640 3616 de
671 3553 818 3617 Vallibus
838 3562 871 3616 et
890 3553 986 3637 socijs
1006 3553 1085 3618 sut'n

195 3706 299 3769 Anno
326 3707 418 3788 regni
446 3706 532 3788 regis
556 3706 734 3771 Eadwardi
879 3707 1036 3771 sederunt
1060 3708 1235 3792 justiciarij
1249 3723 1401 3816 ‘orfntehpamen

129 3808 323 3870 itinerantes
365 3807 408 3870 ad
451 3805 606 3871 Castrum
649 3808 865 3890 Cantebrigie
909 3809 1035 3873 scilicet
1080 3812 1371 3916 d⁰mln⁰⁸lffl²ssffit

128 3909 328 3996 J[0hannes]
352 3913 395 3975 de
418 3911 596 3988 Vallibus⁸,
620 3911 809 3975 Willelmus
829 3913 872 3975 de
894 3911 1044 3990 Saham⁴,
1065 3912 1237 3996 Johannes
1250 3925 1308 3966 who
1317 3936 1388 3967 eume

177 4043 186 4076 ¹
205 4047 403 4104 Roclrechounrt‚
415 4061 430 4095 a
442 4053 510 4096 town
521 4047 548 4096 in
559 4046 657 4098 France
669 4047 897 4109 (flaute-vienne).

175 4125 186 4158 ²
201 4129 257 4179 The
268 4144 343 4179 name
354 4129 375 4179 is
386 4129 520 4179 elsewhere
531 4130 630 4180 written
639 4131 754 4196 Jolanus.

176 4211 188 4243 ¹
201 4212 270 4277 John
285 4213 318 4263 de
333 4213 406 4263 Vaux
418 4229 469 4263 was
482 4214 618 4278 appointed
632 4215 722 4278 justioe
737 4214 854 4265 itinerant
869 4213 894 4263 in
914 4215 991 4278 127&
1015 4215 1064 4265 and
1080 4215 1106 4265 in
1126 4215 1236 4278 ¹²⁸²-3

127 4293 236 4345 stmrd
248 4294 277 4344 ol
285 4295 430 4360 Aquitaiue.
466 4296 508 4345 He
519 4295 579 4346 died
594 4297 664 4346 1288.

176 4375 188 4406 ⁴
204 4376 272 4426 Wm.
287 4377 320 4428 de
338 4377 432 4429 sirum
447 4377 483 4442 (in
500 4378 619 4442 Norlollr)
635 4393 687 4428 was
703 4377 786 4428 raised
800 4386 828 4428 to
845 4377 888 4428 the
903 4379 985 4429 bench
1001 4394 1034 4428 on
1052 4378 1095 4428 the
1109 4378 1237 4428 accession

126 4459 157 4510 oi
166 4459 275 4508 Edwanl
288 4461 310 4509 1.
345 4461 375 4510 ln
391 4463 453 4528 ¹²⁸9
464 4461 496 4510 be
507 4461 597 4512 sbared
608 4461 652 4511 the
663 4462 776 4526 disgrace
788 4461 817 4512 ol
826 4477 901 4527 many
912 4462 988 4512 olbis
999 4461 1126 4512 brelhreu.
