<?xml version="1.0" encoding="UTF-8"?>
<!DOCTYPE html PUBLIC "-//W3C//DTD XHTML 1.0 Transitional//EN"
    "http://www.w3.org/TR/xhtml1/DTD/xhtml1-transitional.dtd">
<html xmlns="http://www.w3.org/1999/xhtml" xml:lang="en" lang="en">
 <head>
  <title>
</title>
<meta http-equiv="Content-Type" content="text/html;charset=utf-8" />
  <meta name='ocr-system' content='tesseract 3.04.00' />
  <meta name='ocr-capabilities' content='ocr_page ocr_carea ocr_par ocr_line ocrx_word'/>
</head>
<body>
  <div class='ocr_page' id='page_1' title='image "./libermemorandor00maitgoog_0105.png"; bbox 0 0 3212 5064; ppageno 0'>
   <div class='ocr_carea' id='block_1_1' title="bbox 224 1545 1127 1828">
    <p class='ocr_par' dir='ltr' id='par_1_1' title="bbox 224 1545 1127 1828">
     <span class='ocr_line' id='line_1_1' title="bbox 224 1545 1127 1630; baseline 0.001 -1"><span class='ocrx_word' id='word_1_1' title='bbox 224 1545 543 1630; x_wconf 88' lang='lat' dir='ltr'><strong>ECCLESIE</strong></span> <span class='ocrx_word' id='word_1_2' title='bbox 587 1546 673 1629; x_wconf 89' lang='lat' dir='ltr'>DE</span> <span class='ocrx_word' id='word_1_3' title='bbox 717 1547 1127 1630; x_wconf 89' lang='lat' dir='ltr'>BERNWELLE</span> 
     </span>
     <span class='ocr_line' id='line_1_2' title="bbox 462 1751 896 1828; baseline 0.007 -4"><span class='ocrx_word' id='word_1_4' title='bbox 462 1751 632 1825; x_wconf 93' lang='lat' dir='ltr'>LIBER</span> <span class='ocrx_word' id='word_1_5' title='bbox 671 1751 896 1828; x_wconf 88' lang='lat' dir='ltr'>PRIMUS.</span> 
     </span>
    </p>
   </div>
   <div class='ocr_carea' id='block_1_2' title="bbox 272 2109 1085 2282">
    <p class='ocr_par' dir='ltr' id='par_1_2' title="bbox 272 2109 1085 2282">
     <span class='ocr_line' id='line_1_3' title="bbox 272 2109 1085 2198; baseline -0.004 -19"><span class='ocrx_word' id='word_1_6' title='bbox 272 2115 435 2198; x_wconf 79' lang='lat' dir='ltr'><em>Prologus</em></span> <span class='ocrx_word' id='word_1_7' title='bbox 457 2113 492 2178; x_wconf 82' lang='lat' dir='ltr'>in</span> <span class='ocrx_word' id='word_1_8' title='bbox 515 2112 636 2178; x_wconf 82' lang='lat' dir='ltr'>librum</span> <span class='ocrx_word' id='word_1_9' title='bbox 659 2109 942 2176; x_wconf 76' lang='lat' dir='ltr'>mmorandcmm</span> <span class='ocrx_word' id='word_1_10' title='bbox 964 2111 1085 2177; x_wconf 81' lang='lat' dir='ltr'><em>ecclesie</em></span> 
     </span>
     <span class='ocr_line' id='line_1_4' title="bbox 426 2213 927 2282; baseline -0.004 -2"><span class='ocrx_word' id='word_1_11' title='bbox 426 2215 646 2282; x_wconf 82' lang='lat' dir='ltr'>conuentualis</span> <span class='ocrx_word' id='word_1_12' title='bbox 667 2215 706 2279; x_wconf 76' lang='lat' dir='ltr'>de</span> <span class='ocrx_word' id='word_1_13' title='bbox 730 2213 927 2279; x_wconf 78' lang='lat' dir='ltr'>Bmewellc.</span> 
     </span>
    </p>
   </div>
   <div class='ocr_carea' id='block_1_3' title="bbox 29 2395 1372 4256">
    <p class='ocr_par' dir='ltr' id='par_1_3' title="bbox 124 2395 1372 4045">
     <span class='ocr_line' id='line_1_5' title="bbox 185 2395 1372 2500; baseline -0.003 -37"><span class='ocrx_word' id='word_1_14' title='bbox 185 2397 268 2464; x_wconf 88' lang='lat' dir='ltr'>Sole</span> <span class='ocrx_word' id='word_1_15' title='bbox 283 2397 328 2462; x_wconf 91' lang='lat' dir='ltr'>ad</span> <span class='ocrx_word' id='word_1_16' title='bbox 340 2417 495 2462; x_wconf 88' lang='lat' dir='ltr'>occasum</span> <span class='ocrx_word' id='word_1_17' title='bbox 508 2395 676 2472; x_wconf 83' lang='lat' dir='ltr'>tendente,</span> <span class='ocrx_word' id='word_1_18' title='bbox 690 2396 798 2460; x_wconf 82' lang='lat' dir='ltr'>feruor</span> <span class='ocrx_word' id='word_1_19' title='bbox 813 2395 879 2461; x_wconf 91' lang='lat' dir='ltr'>diei</span> <span class='ocrx_word' id='word_1_20' title='bbox 895 2397 1044 2480; x_wconf 86' lang='lat' dir='ltr'>tepescit,</span> <span class='ocrx_word' id='word_1_21' title='bbox 1055 2405 1089 2461; x_wconf 90' lang='lat' dir='ltr'>et</span> <span class='ocrx_word' id='word_1_22' title='bbox 1106 2398 1232 2460; x_wconf 91' lang='lat' dir='ltr'>mundo</span> <span class='ocrx_word' id='word_1_23' title='bbox 1245 2406 1372 2500; x_wconf 50' lang='lat' dir='ltr'>iliisffm</span> 
     </span>
     <span class='ocr_line' id='line_1_6' title="bbox 125 2498 1322 2584; baseline -0.003 -17"><span class='ocrx_word' id='word_1_24' title='bbox 125 2513 326 2579; x_wconf 76' lang='lat' dir='ltr'>senescente,</span> <span class='ocrx_word' id='word_1_25' title='bbox 341 2503 461 2566; x_wconf 89' lang='lat' dir='ltr'>caritas</span> <span class='ocrx_word' id='word_1_26' title='bbox 482 2501 672 2584; x_wconf 75' lang='lat' dir='ltr'>refrigescit.</span> <span class='ocrx_word' id='word_1_27' title='bbox 719 2499 797 2578; x_wconf 90' lang='lat' dir='ltr'>Sed,</span> <span class='ocrx_word' id='word_1_28' title='bbox 817 2499 896 2582; x_wconf 90' lang='lat' dir='ltr'>quia</span> <span class='ocrx_word' id='word_1_29' title='bbox 916 2501 1076 2584; x_wconf 89' lang='lat' dir='ltr'>scriptum</span> <span class='ocrx_word' id='word_1_30' title='bbox 1100 2511 1159 2578; x_wconf 91' lang='lat' dir='ltr'>est,</span> <span class='ocrx_word' id='word_1_31' title='bbox 1175 2498 1232 2564; x_wconf 90' lang='lat' dir='ltr'>ubi</span> <span class='ocrx_word' id='word_1_32' title='bbox 1245 2507 1322 2552; x_wconf 63' lang='lat' dir='ltr'>wan.</span> 
     </span>
     <span class='ocr_line' id='line_1_7' title="bbox 125 2605 1232 2691; baseline -0.003 -20"><span class='ocrx_word' id='word_1_33' title='bbox 125 2608 305 2691; x_wconf 82' lang='lat' dir='ltr'>refrigescit</span> <span class='ocrx_word' id='word_1_34' title='bbox 321 2608 440 2670; x_wconf 88' lang='lat' dir='ltr'>caritas</span> <span class='ocrx_word' id='word_1_35' title='bbox 457 2605 502 2671; x_wconf 89' lang='lat' dir='ltr'>ibi</span> <span class='ocrx_word' id='word_1_36' title='bbox 518 2605 712 2670; x_wconf 86' lang='lat' dir='ltr'>dominatur</span> <span class='ocrx_word' id='word_1_37' title='bbox 732 2605 898 2688; x_wconf 89' lang='lat' dir='ltr'>iniquitas,</span> <span class='ocrx_word' id='word_1_38' title='bbox 916 2625 982 2670; x_wconf 92' lang='lat' dir='ltr'>non</span> <span class='ocrx_word' id='word_1_39' title='bbox 1001 2615 1052 2670; x_wconf 86' lang='lat' dir='ltr'>est</span> <span class='ocrx_word' id='word_1_40' title='bbox 1068 2606 1188 2670; x_wconf 90' lang='lat' dir='ltr'>mirum</span> <span class='ocrx_word' id='word_1_41' title='bbox 1204 2607 1232 2668; x_wconf 91' lang='lat' dir='ltr'>si</span> 
     </span>
     <span class='ocr_line' id='line_1_8' title="bbox 125 2707 1232 2792; baseline -0.002 -18"><span class='ocrx_word' id='word_1_42' title='bbox 125 2709 210 2776; x_wconf 82' lang='lat' dir='ltr'>fraus</span> <span class='ocrx_word' id='word_1_43' title='bbox 225 2709 325 2774; x_wconf 89' lang='lat' dir='ltr'>dolus</span> <span class='ocrx_word' id='word_1_44' title='bbox 346 2719 381 2773; x_wconf 90' lang='lat' dir='ltr'>et</span> <span class='ocrx_word' id='word_1_45' title='bbox 401 2709 542 2784; x_wconf 85' lang='lat' dir='ltr'>malicia,</span> <span class='ocrx_word' id='word_1_46' title='bbox 557 2718 735 2791; x_wconf 88' lang='lat' dir='ltr'>ceteraque</span> <span class='ocrx_word' id='word_1_47' title='bbox 756 2707 841 2772; x_wconf 91' lang='lat' dir='ltr'>uicia</span> <span class='ocrx_word' id='word_1_48' title='bbox 863 2707 895 2771; x_wconf 93' lang='lat' dir='ltr'>in</span> <span class='ocrx_word' id='word_1_49' title='bbox 916 2707 1044 2772; x_wconf 90' lang='lat' dir='ltr'>mundo</span> <span class='ocrx_word' id='word_1_50' title='bbox 1059 2707 1232 2792; x_wconf 82' lang='lat' dir='ltr'>pululent3</span> 
     </span>
     <span class='ocr_line' id='line_1_9' title="bbox 124 2811 1231 2897; baseline -0.004 -18"><span class='ocrx_word' id='word_1_51' title='bbox 124 2816 178 2879; x_wconf 85' lang='lat' dir='ltr'>sed</span> <span class='ocrx_word' id='word_1_52' title='bbox 211 2813 321 2897; x_wconf 88' lang='lat' dir='ltr'>magis</span> <span class='ocrx_word' id='word_1_53' title='bbox 351 2814 539 2878; x_wconf 88' lang='lat' dir='ltr'>timendum</span> <span class='ocrx_word' id='word_1_54' title='bbox 576 2823 636 2890; x_wconf 89' lang='lat' dir='ltr'>est,</span> <span class='ocrx_word' id='word_1_55' title='bbox 666 2812 692 2875; x_wconf 88' lang='lat' dir='ltr'>si</span> <span class='ocrx_word' id='word_1_56' title='bbox 723 2811 970 2891; x_wconf 88' lang='lat' dir='ltr'>conualescant,</span> <span class='ocrx_word' id='word_1_57' title='bbox 1000 2813 1090 2896; x_wconf 90' lang='lat' dir='ltr'>quod</span> <span class='ocrx_word' id='word_1_58' title='bbox 1122 2821 1231 2877; x_wconf 91' lang='lat' dir='ltr'>totum</span> 
     </span>
     <span class='ocr_line' id='line_1_10' title="bbox 125 2917 1233 3002; baseline -0.002 -20"><span class='ocrx_word' id='word_1_59' title='bbox 125 2919 286 2982; x_wconf 91' lang='lat' dir='ltr'>mundum</span> <span class='ocrx_word' id='word_1_60' title='bbox 311 2939 373 2982; x_wconf 88' lang='lat' dir='ltr'>suo</span> <span class='ocrx_word' id='word_1_61' title='bbox 398 2939 528 2982; x_wconf 90' lang='lat' dir='ltr'>ueneno</span> <span class='ocrx_word' id='word_1_62' title='bbox 554 2917 711 2982; x_wconf 87' lang='lat' dir='ltr'>inficient.</span> <span class='ocrx_word' id='word_1_63' title='bbox 756 2917 846 3001; x_wconf 85' lang='lat' dir='ltr'>Quia</span> <span class='ocrx_word' id='word_1_64' title='bbox 870 2927 983 2981; x_wconf 89' lang='lat' dir='ltr'>tamen</span> <span class='ocrx_word' id='word_1_65' title='bbox 1009 2917 1063 3002; x_wconf 90' lang='lat' dir='ltr'>pie</span> <span class='ocrx_word' id='word_1_66' title='bbox 1087 2917 1233 2981; x_wconf 91' lang='lat' dir='ltr'>creditur</span> 
     </span>
     <span class='ocr_line' id='line_1_11' title="bbox 125 3020 1232 3106; baseline -0.001 -19"><span class='ocrx_word' id='word_1_67' title='bbox 125 3022 223 3106; x_wconf 87' lang='lat' dir='ltr'>quod,</span> <span class='ocrx_word' id='word_1_68' title='bbox 251 3022 307 3086; x_wconf 92' lang='lat' dir='ltr'>ubi</span> <span class='ocrx_word' id='word_1_69' title='bbox 332 3033 384 3087; x_wconf 87' lang='lat' dir='ltr'>est</span> <span class='ocrx_word' id='word_1_70' title='bbox 409 3023 545 3106; x_wconf 89' lang='lat' dir='ltr'>spiritus</span> <span class='ocrx_word' id='word_1_71' title='bbox 571 3022 635 3098; x_wconf 90' lang='lat' dir='ltr'>dei,</span> <span class='ocrx_word' id='word_1_72' title='bbox 659 3021 705 3085; x_wconf 89' lang='lat' dir='ltr'>ibi</span> <span class='ocrx_word' id='word_1_73' title='bbox 732 3023 795 3086; x_wconf 91' lang='lat' dir='ltr'>erit</span> <span class='ocrx_word' id='word_1_74' title='bbox 820 3031 855 3085; x_wconf 91' lang='lat' dir='ltr'>et</span> <span class='ocrx_word' id='word_1_75' title='bbox 880 3020 1034 3098; x_wconf 89' lang='lat' dir='ltr'>libertas;</span> <span class='ocrx_word' id='word_1_76' title='bbox 1064 3022 1151 3086; x_wconf 90' lang='lat' dir='ltr'>serui</span> <span class='ocrx_word' id='word_1_77' title='bbox 1177 3023 1232 3086; x_wconf 86' lang='lat' dir='ltr'>dei</span> 
     </span>
     <span class='ocr_line' id='line_1_12' title="bbox 125 3125 1232 3211; baseline -0.001 -19"><span class='ocrx_word' id='word_1_78' title='bbox 125 3127 277 3210; x_wconf 86' lang='lat' dir='ltr'>quamuis</span> <span class='ocrx_word' id='word_1_79' title='bbox 303 3146 473 3210; x_wconf 84' lang='lat' dir='ltr'>pressuras</span> <span class='ocrx_word' id='word_1_80' title='bbox 498 3127 673 3211; x_wconf 88' lang='lat' dir='ltr'>paciantur</span> <span class='ocrx_word' id='word_1_81' title='bbox 699 3125 732 3190; x_wconf 92' lang='lat' dir='ltr'>in</span> <span class='ocrx_word' id='word_1_82' title='bbox 761 3126 895 3201; x_wconf 93' lang='lat' dir='ltr'>mundo,</span> <span class='ocrx_word' id='word_1_83' title='bbox 921 3146 987 3190; x_wconf 90' lang='lat' dir='ltr'>non</span> <span class='ocrx_word' id='word_1_84' title='bbox 1013 3136 1127 3191; x_wconf 88' lang='lat' dir='ltr'>tamen</span> <span class='ocrx_word' id='word_1_85' title='bbox 1153 3147 1232 3191; x_wconf 91' lang='lat' dir='ltr'>con·</span> 
     </span>
     <span class='ocr_line' id='line_1_13' title="bbox 125 3230 1233 3314; baseline 0 -18"><span class='ocrx_word' id='word_1_86' title='bbox 125 3230 305 3296; x_wconf 81' lang='lat' dir='ltr'>fundentur</span> <span class='ocrx_word' id='word_1_87' title='bbox 324 3231 358 3294; x_wconf 88' lang='lat' dir='ltr'>in</span> <span class='ocrx_word' id='word_1_88' title='bbox 379 3240 531 3314; x_wconf 90' lang='lat' dir='ltr'>tempore</span> <span class='ocrx_word' id='word_1_89' title='bbox 552 3230 650 3294; x_wconf 91' lang='lat' dir='ltr'>malo.</span> <span class='ocrx_word' id='word_1_90' title='bbox 697 3230 766 3296; x_wconf 90' lang='lat' dir='ltr'>Sed</span> <span class='ocrx_word' id='word_1_91' title='bbox 781 3231 927 3294; x_wconf 90' lang='lat' dir='ltr'>saluabit</span> <span class='ocrx_word' id='word_1_92' title='bbox 944 3251 1002 3294; x_wconf 89' lang='lat' dir='ltr'>eos</span> <span class='ocrx_word' id='word_1_93' title='bbox 1016 3231 1182 3310; x_wconf 89' lang='lat' dir='ltr'>dominus,</span> <span class='ocrx_word' id='word_1_94' title='bbox 1198 3241 1233 3296; x_wconf 92' lang='lat' dir='ltr'>et</span> 
     </span>
     <span class='ocr_line' id='line_1_14' title="bbox 125 3335 1232 3420; baseline 0.002 -21"><span class='ocrx_word' id='word_1_95' title='bbox 125 3335 278 3401; x_wconf 88' lang='lat' dir='ltr'>liberabit</span> <span class='ocrx_word' id='word_1_96' title='bbox 297 3354 364 3410; x_wconf 90' lang='lat' dir='ltr'>eos,</span> <span class='ocrx_word' id='word_1_97' title='bbox 379 3344 412 3399; x_wconf 88' lang='lat' dir='ltr'>et</span> <span class='ocrx_word' id='word_1_98' title='bbox 433 3346 526 3400; x_wconf 90' lang='lat' dir='ltr'>eruet</span> <span class='ocrx_word' id='word_1_99' title='bbox 547 3355 605 3400; x_wconf 88' lang='lat' dir='ltr'>eos</span> <span class='ocrx_word' id='word_1_100' title='bbox 625 3358 645 3400; x_wconf 94' lang='lat' dir='ltr'>a</span> <span class='ocrx_word' id='word_1_101' title='bbox 666 3335 896 3420; x_wconf 84' lang='lat' dir='ltr'>peccatoribus</span> <span class='ocrx_word' id='word_1_102' title='bbox 916 3335 994 3419; x_wconf 88' lang='lat' dir='ltr'>quia</span> <span class='ocrx_word' id='word_1_103' title='bbox 1015 3347 1232 3420; x_wconf 77' lang='lat' dir='ltr'>sperauerant</span> 
     </span>
     <span class='ocr_line' id='line_1_15' title="bbox 126 3439 1233 3523; baseline 0.004 -21"><span class='ocrx_word' id='word_1_104' title='bbox 126 3441 155 3504; x_wconf 91' lang='lat' dir='ltr'>in</span> <span class='ocrx_word' id='word_1_105' title='bbox 170 3462 221 3505; x_wconf 89' lang='lat' dir='ltr'>eo.</span> <span class='ocrx_word' id='word_1_106' title='bbox 268 3439 493 3523; x_wconf 88' lang='lat' dir='ltr'>Quapropter,</span> <span class='ocrx_word' id='word_1_107' title='bbox 509 3449 547 3503; x_wconf 93' lang='lat' dir='ltr'>ut</span> <span class='ocrx_word' id='word_1_108' title='bbox 567 3439 654 3503; x_wconf 88' lang='lat' dir='ltr'>serui</span> <span class='ocrx_word' id='word_1_109' title='bbox 675 3441 729 3503; x_wconf 89' lang='lat' dir='ltr'>dei</span> <span class='ocrx_word' id='word_1_110' title='bbox 751 3440 794 3503; x_wconf 90' lang='lat' dir='ltr'>de</span> <span class='ocrx_word' id='word_1_111' title='bbox 808 3449 920 3504; x_wconf 89' lang='lat' dir='ltr'>cetero</span> <span class='ocrx_word' id='word_1_112' title='bbox 935 3439 1071 3504; x_wconf 90' lang='lat' dir='ltr'>liberius</span> <span class='ocrx_word' id='word_1_113' title='bbox 1087 3441 1233 3506; x_wconf 87' lang='lat' dir='ltr'>euadant</span> 
     </span>
     <span class='ocr_line' id='line_1_16' title="bbox 126 3543 1233 3633; baseline -0.002 -23"><span class='ocrx_word' id='word_1_114' title='bbox 126 3543 1233 3633; x_wconf 89' lang='lat' dir='ltr'>manushominumimpiorum,peromnipotentisdeiadiutorium,</span> 
     </span>
     <span class='ocr_line' id='line_1_17' title="bbox 125 3647 1234 3734; baseline 0.001 -20"><span class='ocrx_word' id='word_1_115' title='bbox 125 3671 164 3714; x_wconf 88' lang='lat' dir='ltr'>ex</span> <span class='ocrx_word' id='word_1_116' title='bbox 180 3670 250 3734; x_wconf 90' lang='lat' dir='ltr'>quo</span> <span class='ocrx_word' id='word_1_117' title='bbox 266 3659 393 3712; x_wconf 88' lang='lat' dir='ltr'>certum</span> <span class='ocrx_word' id='word_1_118' title='bbox 410 3658 462 3712; x_wconf 90' lang='lat' dir='ltr'>est</span> <span class='ocrx_word' id='word_1_119' title='bbox 482 3647 573 3731; x_wconf 90' lang='lat' dir='ltr'>quod</span> <span class='ocrx_word' id='word_1_120' title='bbox 589 3648 738 3712; x_wconf 88' lang='lat' dir='ltr'>humana</span> <span class='ocrx_word' id='word_1_121' title='bbox 757 3650 918 3713; x_wconf 89' lang='lat' dir='ltr'>memoria</span> <span class='ocrx_word' id='word_1_122' title='bbox 933 3648 1041 3714; x_wconf 90' lang='lat' dir='ltr'>labilis</span> <span class='ocrx_word' id='word_1_123' title='bbox 1058 3661 1118 3726; x_wconf 86' lang='lat' dir='ltr'>est,</span> <span class='ocrx_word' id='word_1_124' title='bbox 1133 3670 1234 3734; x_wconf 89' lang='lat' dir='ltr'>opere</span> 
     </span>
     <span class='ocr_line' id='line_1_18' title="bbox 125 3751 1233 3838; baseline 0.001 -20"><span class='ocrx_word' id='word_1_125' title='bbox 125 3756 269 3838; x_wconf 86' lang='lat' dir='ltr'>precium</span> <span class='ocrx_word' id='word_1_126' title='bbox 292 3763 343 3817; x_wconf 88' lang='lat' dir='ltr'>est</span> <span class='ocrx_word' id='word_1_127' title='bbox 364 3752 398 3816; x_wconf 88' lang='lat' dir='ltr'>in</span> <span class='ocrx_word' id='word_1_128' title='bbox 419 3752 550 3835; x_wconf 89' lang='lat' dir='ltr'>scriptis</span> <span class='ocrx_word' id='word_1_129' title='bbox 572 3752 686 3836; x_wconf 87' lang='lat' dir='ltr'>aliqua</span> <span class='ocrx_word' id='word_1_130' title='bbox 701 3751 858 3833; x_wconf 87' lang='lat' dir='ltr'>redigere,</span> <span class='ocrx_word' id='word_1_131' title='bbox 876 3773 941 3836; x_wconf 89' lang='lat' dir='ltr'>que</span> <span class='ocrx_word' id='word_1_132' title='bbox 962 3752 1100 3818; x_wconf 89' lang='lat' dir='ltr'>ecclesie</span> <span class='ocrx_word' id='word_1_133' title='bbox 1121 3765 1233 3819; x_wconf 91' lang='lat' dir='ltr'>nostre</span> 
     </span>
     <span class='ocr_line' id='line_1_19' title="bbox 126 3855 1233 3940; baseline 0.001 -18"><span class='ocrx_word' id='word_1_134' title='bbox 126 3857 258 3924; x_wconf 86' lang='lat' dir='ltr'>utilitati</span> <span class='ocrx_word' id='word_1_135' title='bbox 281 3857 412 3940; x_wconf 86' lang='lat' dir='ltr'>possint</span> <span class='ocrx_word' id='word_1_136' title='bbox 434 3855 602 3940; x_wconf 88' lang='lat' dir='ltr'>proficere,</span> <span class='ocrx_word' id='word_1_137' title='bbox 623 3866 657 3920; x_wconf 90' lang='lat' dir='ltr'>et</span> <span class='ocrx_word' id='word_1_138' title='bbox 680 3855 837 3920; x_wconf 83' lang='lat' dir='ltr'>iratribus</span> <span class='ocrx_word' id='word_1_139' title='bbox 860 3857 991 3937; x_wconf 89' lang='lat' dir='ltr'>nostris,</span> <span class='ocrx_word' id='word_1_140' title='bbox 1006 3858 1176 3923; x_wconf 89' lang='lat' dir='ltr'>modernis</span> <span class='ocrx_word' id='word_1_141' title='bbox 1198 3869 1233 3923; x_wconf 89' lang='lat' dir='ltr'>et</span> 
     </span>
     <span class='ocr_line' id='line_1_20' title="bbox 126 3960 1232 4045; baseline 0.001 -19"><span class='ocrx_word' id='word_1_142' title='bbox 126 3974 198 4045; x_wconf 84' lang='lat' dir='ltr'>post</span> <span class='ocrx_word' id='word_1_143' title='bbox 219 3961 348 4037; x_wconf 83' lang='lat' dir='ltr'>suturis,</span> <span class='ocrx_word' id='word_1_144' title='bbox 364 3961 398 4024; x_wconf 91' lang='lat' dir='ltr'>in</span> <span class='ocrx_word' id='word_1_145' title='bbox 415 3960 483 4023; x_wconf 88' lang='lat' dir='ltr'>suis</span> <span class='ocrx_word' id='word_1_146' title='bbox 503 3961 675 4043; x_wconf 83' lang='lat' dir='ltr'>angustiis,</span> <span class='ocrx_word' id='word_1_147' title='bbox 691 3970 725 4025; x_wconf 92' lang='lat' dir='ltr'>et</span> <span class='ocrx_word' id='word_1_148' title='bbox 745 3960 904 4024; x_wconf 89' lang='lat' dir='ltr'>seuientis</span> <span class='ocrx_word' id='word_1_149' title='bbox 921 3961 1036 4025; x_wconf 90' lang='lat' dir='ltr'>mundi</span> <span class='ocrx_word' id='word_1_150' title='bbox 1052 3963 1232 4045; x_wconf 89' lang='lat' dir='ltr'>persecuti·</span> 
     </span>
    </p>

    <p class='ocr_par' dir='ltr' id='par_1_4' title="bbox 29 4055 1232 4256">
     <span class='ocr_line' id='line_1_21' title="bbox 29 4055 1232 4152; baseline 0.002 -24"><span class='ocrx_word' id='word_1_151' title='bbox 29 4055 30 4128; x_wconf 58' lang='grc' dir='ltr'>ᾗ</span> <span class='ocrx_word' id='word_1_152' title='bbox 124 4069 249 4148; x_wconf 89' lang='lat' dir='ltr'>onibus,</span> <span class='ocrx_word' id='word_1_153' title='bbox 265 4087 325 4152; x_wconf 88' lang='lat' dir='ltr'>per</span> <span class='ocrx_word' id='word_1_154' title='bbox 346 4065 587 4149; x_wconf 89' lang='lat' dir='ltr'>inspectionem</span> <span class='ocrx_word' id='word_1_155' title='bbox 610 4065 708 4129; x_wconf 90' lang='lat' dir='ltr'>huius</span> <span class='ocrx_word' id='word_1_156' title='bbox 731 4064 833 4129; x_wconf 88' lang='lat' dir='ltr'>libelli</span> <span class='ocrx_word' id='word_1_157' title='bbox 857 4065 1042 4129; x_wconf 89' lang='lat' dir='ltr'>subuenire.</span> <span class='ocrx_word' id='word_1_158' title='bbox 1087 4066 1145 4131; x_wconf 91' lang='lat' dir='ltr'>Ad</span> <span class='ocrx_word' id='word_1_159' title='bbox 1168 4067 1232 4130; x_wconf 91' lang='lat' dir='ltr'>hoc</span> 
     </span>
     <span class='ocr_line' id='line_1_22' title="bbox 125 4169 1232 4256; baseline -0.002 -20"><span class='ocrx_word' id='word_1_160' title='bbox 125 4172 221 4256; x_wconf 81' lang='lat' dir='ltr'>igitur</span> <span class='ocrx_word' id='word_1_161' title='bbox 249 4191 337 4256; x_wconf 90' lang='lat' dir='ltr'>opus</span> <span class='ocrx_word' id='word_1_162' title='bbox 367 4189 515 4253; x_wconf 82' lang='lat' dir='ltr'>congrue</span> <span class='ocrx_word' id='word_1_163' title='bbox 544 4169 783 4254; x_wconf 84' lang='lat' dir='ltr'>perficiendum</span> <span class='ocrx_word' id='word_1_164' title='bbox 817 4169 952 4255; x_wconf 88' lang='lat' dir='ltr'>spiritus</span> <span class='ocrx_word' id='word_1_165' title='bbox 982 4171 1090 4235; x_wconf 90' lang='lat' dir='ltr'>sancti</span> <span class='ocrx_word' id='word_1_166' title='bbox 1119 4172 1232 4255; x_wconf 84' lang='lat' dir='ltr'>gracia</span> 
     </span>
    </p>
   </div>
   <div class='ocr_carea' id='block_1_4' title="bbox 125 4271 579 4362">
    <p class='ocr_par' dir='ltr' id='par_1_5' title="bbox 125 4271 579 4362">
     <span class='ocr_line' id='line_1_23' title="bbox 125 4271 579 4362; baseline -0.011 -20"><span class='ocrx_word' id='word_1_167' title='bbox 125 4295 217 4341; x_wconf 86' lang='lat' dir='ltr'>suum</span> <span class='ocrx_word' id='word_1_168' title='bbox 239 4278 384 4362; x_wconf 87' lang='lat' dir='ltr'>prestet¹</span> <span class='ocrx_word' id='word_1_169' title='bbox 407 4271 579 4338; x_wconf 86' lang='lat' dir='ltr'>auxilium.</span> 
     </span>
    </p>
   </div>
   <div class='ocr_carea' id='block_1_5' title="bbox 571 4451 775 4520">
    <p class='ocr_par' dir='ltr' id='par_1_6' title="bbox 571 4451 775 4520">
     <span class='ocr_line' id='line_1_24' title="bbox 571 4451 775 4520; baseline -0.005 -15"><span class='ocrx_word' id='word_1_170' title='bbox 571 4451 579 4485; x_wconf 87' lang='lat'>¹</span> <span class='ocrx_word' id='word_1_171' title='bbox 598 4461 703 4520; x_wconf 85' lang='lat' dir='ltr'>pateret,</span> <span class='ocrx_word' id='word_1_172' title='bbox 717 4455 775 4506; x_wconf 89' lang='lat' dir='ltr'>MS.</span> 
     </span>
    </p>
   </div>
   <div class='ocr_carea' id='block_1_6' title="bbox 0 0 1610 5064">
    <p class='ocr_par' dir='ltr' id='par_1_7' title="bbox 0 0 1610 5064">
     <span class='ocr_line' id='line_1_25' title="bbox 0 0 1610 5064; baseline 0 0"><span class='ocrx_word' id='word_1_173' title='bbox 0 0 1610 5064; x_wconf 95' lang='lat' dir='ltr'> </span> 
     </span>
    </p>
   </div>
  </div>
 </body>
</html>
