3192 5102
107 375 186 476 vn]
462 381 499 453 T
494 389 624 455 erranti
650 382 691 454 in
718 381 882 456 Morden
1152 407 1218 474 291

179 562 349 630 Galsridus
364 566 501 632 domine
517 566 591 631 finis
603 577 809 634 tenetvnam
826 592 937 635 acram
954 581 1048 650 terre,
1063 579 1097 634 et
1114 570 1224 634 reddit

106 668 191 733 inde
206 690 266 753 per
281 691 406 736 annum
421 674 466 736 ad
482 671 568 738 duos
583 674 744 739 terminos
761 675 845 758 .iij.d.

889 762 1032 828 Summa
1048 785 1085 828 .v.
1101 760 1221 826 solidi¹.

181 953 227 1018 13.
275 937 335 1001 Isti
355 947 435 1003 sunt
456 940 739 1025 consuetudinarij
764 943 796 1006 in
821 942 939 1007 eadem
961 943 1040 1006 villa
1058 941 1102 1007 de
1124 942 1222 1007 feodo

108 1057 238 1142 Pagani
256 1059 413 1125 Peuerel:

178 1195 342 1260 Ricardus
365 1197 474 1263 Crane
496 1206 589 1263 tenet
612 1199 728 1263 decem
752 1220 846 1264 acras
868 1208 955 1265 terre
978 1211 1011 1266 et
1030 1200 1140 1265 reddit
1163 1223 1222 1284 per

107 1318 236 1362 annum
267 1302 415 1385 quinque
445 1301 579 1378 solidos,
606 1314 640 1367 et
670 1302 755 1368 duos
785 1325 931 1389 capones
957 1306 1000 1370 ad
1029 1305 1160 1379 Natale‚
1186 1317 1221 1371 et

107 1403 259 1468 inueniet
278 1426 338 1489 per
359 1427 460 1470 vnum
482 1407 572 1471 diem
589 1407 622 1470 in
640 1419 828 1493 autumpno
842 1429 942 1474 vnam
959 1419 1126 1474 carectam
1143 1431 1219 1474 cum

106 1527 196 1590 equo
218 1518 253 1572 et
275 1509 411 1574 homine
433 1531 494 1574 suo
516 1511 560 1575 ad
584 1512 695 1576 cibum
719 1514 857 1590 domini,
878 1513 930 1578 uel
955 1514 1092 1597 recipiet
1115 1535 1218 1578 unum

106 1613 292 1690 denarium,
315 1625 350 1679 et
372 1615 436 1679 hoc
458 1616 520 1681 erit
543 1617 576 1680 in
600 1617 774 1682 voluntate
797 1620 971 1684 seruientis
994 1620 1124 1684 PrioriS.

175 1717 365 1784 Willelmus
380 1720 545 1787 Thebaud
569 1731 662 1788 tenet
679 1723 832 1788 undecim
848 1743 942 1788 acras
959 1733 1045 1788 terre
1060 1732 1095 1788 et
1110 1725 1219 1788 reddit

105 1843 168 1908 per
183 1843 308 1888 annum
325 1825 376 1908 .vj.
392 1824 518 1890 solidos
534 1835 568 1891 et
584 1825 653 1909 jd„
666 1837 700 1891 et
714 1828 800 1892 duos
815 1848 961 1910 capones
976 1827 1020 1891 ad
1038 1825 1170 1904 Natale,
1185 1839 1219 1892 et

106 1927 257 1991 inueniet
290 1948 391 1993 vnam
425 1939 590 1994 carectam
629 1931 661 1993 in
700 1941 897 2014 autumpno,
927 1933 1012 1996 sicut
1050 1931 1219 2016 predictus

107 2029 274 2095 Ricardus
297 2031 415 2097 Crane.

175 2133 341 2199 Robertus
364 2135 508 2218 Mayner
530 2145 622 2201 tenet
644 2137 794 2221 quinque
816 2157 910 2202 acras
932 2146 1028 2210 terre,
1052 2147 1087 2202 et
1109 2136 1219 2202 reddit

107 2258 167 2322 per
182 2259 307 2303 annum
323 2239 365 2322 ij.
377 2239 503 2304 solidos
519 2251 553 2306 et
567 2241 663 2325 .vj.d.,
675 2250 709 2306 et
725 2262 827 2306 vnum
844 2262 1008 2325 caponem
1024 2244 1067 2307 ad
1085 2241 1217 2319 Natale,

106 2351 141 2406 et
158 2343 305 2408 inueniet
319 2364 421 2408 vnam
433 2355 597 2410 carectam
611 2348 643 2410 in
661 2356 848 2428 autumpno
860 2367 919 2429 per
935 2346 1110 2411 dimidium
1128 2345 1217 2410 diem

106 2447 149 2510 ad
166 2447 277 2512 cibum
297 2449 424 2523 Prioris,
440 2451 525 2514 sicut
541 2461 576 2514 et
590 2450 656 2533 aiij,
673 2451 724 2515 vel
741 2451 878 2515 habebit
892 2471 995 2514 vnum
1012 2451 1195 2516 denarium.

174 2551 327 2634 Rogerus
351 2553 535 2618 Folkeman
567 2565 659 2620 tenet
682 2555 857 2620 dimidiam
884 2557 1055 2638 virgatam
1071 2565 1157 2620 terre
1183 2564 1218 2620 et
1231 2562 1247 2612 s·
1264 2562 1335 2627 164b

108 2654 217 2720 reddit
233 2677 433 2740 perannum
450 2681 486 2722 .v.
507 2661 632 2724 solidos
653 2669 686 2724 et
708 2681 750 2724 .x.
772 2658 936 2736 denarios,
952 2667 985 2722 et
1001 2657 1054 2741 iij.
1071 2679 1217 2743 capones

107 2762 151 2826 ad
171 2761 300 2840 Natale,
315 2772 349 2826 et
364 2785 465 2828 vnam
481 2776 647 2830 carectam
664 2765 697 2829 in
713 2775 902 2848 autumpno
916 2763 1002 2827 sicut
1018 2773 1052 2828 et
1068 2764 1133 2847 alij.

175 2866 344 2948 Margeria
367 2887 452 2931 vxor
475 2868 634 2932 Wilieimi
660 2867 846 2932 Folkeman
870 2877 962 2931 tenet
985 2888 1087 2932 vnum
1110 2889 1218 2932 mesu-

108 2971 222 3052 agium
247 2992 323 3036 cum
347 2973 453 3037 crosta
481 2973 524 3037 ad
556 2972 764 3038 voluntatem
799 2973 927 3048 Prioris,
958 2981 992 3036 et
1025 2972 1134 3036 reddit
1161 2991 1220 3055 per

107 3095 233 3140 annum
258 3077 298 3160 .ij.
322 3077 455 3154 solidos,
478 3087 512 3142 et
535 3099 638 3142 vnum
662 3097 825 3162 caponem
850 3076 893 3140 ad
918 3076 1049 3140 Natale

175 3179 280 3264 Hugo
301 3180 427 3246 Torold
449 3191 541 3246 tenet
564 3183 713 3266 quinque
736 3203 829 3246 aeras
852 3191 947 3258 terre,
970 3189 1003 3244 et
1026 3180 1136 3246 reddit
1160 3201 1220 3264 per

107 3304 234 3349 annum
251 3285 292 3368 ij.
307 3287 432 3350 solidos
453 3299 487 3350 et
508 3287 600 3370 .vj.d.‚
616 3297 649 3352 et
670 3308 773 3353 vnum
795 3306 959 3370 caponem
976 3287 1017 3351 ad
1037 3285 1168 3364 Natale,
1184 3295 1218 3350 et

108 3389 256 3454 inueniet
276 3411 376 3456 vnam
397 3402 564 3456 carectam
586 3412 645 3476 per
664 3391 842 3456 dimidium
864 3391 954 3455 diem
971 3391 1004 3454 in
1020 3401 1217 3475 autumpno,

108 3503 143 3558 et
157 3494 318 3579 percipiet
333 3497 418 3561 sicut
433 3507 467 3560 et
483 3496 550 3580 alij.

174 3597 287 3662 Adam
301 3598 393 3664 saber
404 3610 497 3665 tenet
512 3601 660 3686 quinque
675 3622 769 3666 acras
784 3611 879 3678 terre,
892 3610 925 3666 et
942 3601 1052 3667 reddit
1067 3594 1146 3667 inde
1158 3624 1218 3686 per

108 3723 232 3768 annum
256 3703 296 3786 .ij.
319 3705 445 3770 solidos
468 3715 502 3770 et
528 3707 582 3772 ix.
605 3706 769 3782 denarios,
792 3715 825 3770 et
852 3725 955 3770 vnum
983 3725 1147 3789 caponem
1173 3707 1216 3772 ad

110 3806 241 3884 Nataie,
256 3817 290 3872 et
306 3809 454 3874 inueniet
474 3830 575 3875 vnam
597 3819 763 3876 carectam
785 3809 818 3872 in
841 3819 1029 3893 autumpno
1044 3831 1105 3894 per
1119 3810 1216 3874 dimi-

109 3912 200 3976 dium
217 3911 306 3976 diem
322 3913 409 3977 sicut
423 3923 457 3978 et
473 3913 538 3997 alij.

174 4015 342 4080 Robertus
365 4017 491 4082 Torold
514 4028 550 4082 et
573 4018 738 4083 Ricardus
767 4018 892 4081 Mariot
921 4026 1039 4082 tenent
1068 4019 1216 4101 quinque

109 4139 200 4185 acras
225 4131 321 4198 terre,
344 4130 378 4186 et
408 4123 552 4187 reddunt
581 4124 661 4187 inde
691 4143 750 4207 per
785 4141 910 4187 annum
941 4121 996 4204 iij.
1027 4121 1152 4185 solidos
1182 4133 1217 4186 et

108 4223 158 4307 .vj.
174 4225 339 4302 denarios,
353 4235 387 4290 et
403 4225 488 4290 duos
506 4247 652 4311 capones
668 4228 711 4291 ad
729 4227 761 4290 N
764 4227 862 4304 atale,
877 4235 912 4290 et
927 4225 1099 4291 inuenient
1115 4245 1216 4290 vnam

109 4340 271 4395 carectam
288 4330 322 4394 in
337 4342 525 4414 autumpno
540 4352 599 4416 per
614 4331 790 4396 dimidium
807 4331 896 4396 diem
913 4331 999 4394 sicut
1014 4338 1049 4394 et
1064 4330 1130 4413 alij.

189 4447 197 4480 ¹
215 4449 278 4500 'I'his
289 4450 340 4500 aad
351 4450 385 4500 all
397 4451 547 4518 subsequent
560 4451 636 4502 totals
647 4467 689 4502 are
701 4451 726 4502 in
739 4451 782 4502 the
793 4450 898 4516 original
910 4449 977 4500 hand
989 4449 1018 4500 of
1026 4450 1069 4500 the
1081 4449 1138 4501 MS.

1038 4579 1133 4636 19-r
