<?xml version="1.0" encoding="UTF-8"?>
<!DOCTYPE html PUBLIC "-//W3C//DTD XHTML 1.0 Transitional//EN"
    "http://www.w3.org/TR/xhtml1/DTD/xhtml1-transitional.dtd">
<html xmlns="http://www.w3.org/1999/xhtml" xml:lang="en" lang="en">
 <head>
  <title>
</title>
<meta http-equiv="Content-Type" content="text/html;charset=utf-8" />
  <meta name='ocr-system' content='tesseract 3.04.00' />
  <meta name='ocr-capabilities' content='ocr_page ocr_carea ocr_par ocr_line ocrx_word'/>
</head>
<body>
  <div class='ocr_page' id='page_1' title='image "./libermemorandor00maitgoog_0086.png"; bbox 0 0 3144 5070; ppageno 0'>
   <div class='ocr_carea' id='block_1_1' title="bbox 339 345 1016 425">
    <p class='ocr_par' dir='ltr' id='par_1_1' title="bbox 339 345 1016 425">
     <span class='ocr_line' id='line_1_1' title="bbox 339 345 1016 425; baseline 0 -9"><span class='ocrx_word' id='word_1_1' title='bbox 339 355 391 425; x_wconf 85' lang='lat'>-18</span> <span class='ocrx_word' id='word_1_2' title='bbox 688 357 691 366; x_wconf 66' lang='lat'><strong>⁴</strong></span> <span class='ocrx_word' id='word_1_3' title='bbox 721 361 730 418; x_wconf 69' lang='grc' dir='ltr'>Γ</span> <span class='ocrx_word' id='word_1_4' title='bbox 772 345 1016 422; x_wconf 78' lang='lat' dir='ltr'>Mricellanea</span> 
     </span>
    </p>
   </div>
   <div class='ocr_carea' id='block_1_2' title="bbox 182 520 1481 3268">
    <p class='ocr_par' dir='ltr' id='par_1_2' title="bbox 343 520 1461 800">
     <span class='ocr_line' id='line_1_2' title="bbox 343 520 1459 607; baseline -0.007 -17"><span class='ocrx_word' id='word_1_5' title='bbox 343 541 434 607; x_wconf 85' lang='lat' dir='ltr'>atque</span> <span class='ocrx_word' id='word_1_6' title='bbox 450 527 569 588; x_wconf 87' lang='lat' dir='ltr'>mulier:</span> <span class='ocrx_word' id='word_1_7' title='bbox 609 528 647 586; x_wconf 89' lang='lat' dir='ltr'>In</span> <span class='ocrx_word' id='word_1_8' title='bbox 661 524 881 588; x_wconf 87' lang='lat' dir='ltr'>resurrectione</span> <span class='ocrx_word' id='word_1_9' title='bbox 895 541 966 606; x_wconf 89' lang='lat' dir='ltr'>ergo</span> <span class='ocrx_word' id='word_1_10' title='bbox 980 543 1055 586; x_wconf 88' lang='lat' dir='ltr'>oum·</span> <span class='ocrx_word' id='word_1_11' title='bbox 1071 523 1295 592; x_wconf 70' lang='lat' dir='ltr'>resurrexerint!</span> <span class='ocrx_word' id='word_1_12' title='bbox 1316 520 1459 585; x_wconf 83' lang='lat' dir='ltr'>ouiusde</span> 
     </span>
     <span class='ocr_line' id='line_1_3' title="bbox 345 623 1460 702; baseline -0.007 -14"><span class='ocrx_word' id='word_1_13' title='bbox 345 625 392 688; x_wconf 90' lang='lat' dir='ltr'>his</span> <span class='ocrx_word' id='word_1_14' title='bbox 410 623 465 688; x_wconf 88' lang='lat' dir='ltr'>erit</span> <span class='ocrx_word' id='word_1_15' title='bbox 483 628 574 686; x_wconf 77' lang='lat' dir='ltr'>uxor!</span> <span class='ocrx_word' id='word_1_16' title='bbox 597 634 712 702; x_wconf 86' lang='lat' dir='ltr'>septem</span> <span class='ocrx_word' id='word_1_17' title='bbox 732 623 814 686; x_wconf 88' lang='lat' dir='ltr'>enim</span> <span class='ocrx_word' id='word_1_18' title='bbox 834 643 901 686; x_wconf 85' lang='lat' dir='ltr'>earn</span> <span class='ocrx_word' id='word_1_19' title='bbox 918 624 1090 686; x_wconf 86' lang='lat' dir='ltr'>habuerunt</span> <span class='ocrx_word' id='word_1_20' title='bbox 1108 642 1240 690; x_wconf 83' lang='lat' dir='ltr'>uxorem.</span> <span class='ocrx_word' id='word_1_21' title='bbox 1284 625 1324 684; x_wconf 81' lang='lat' dir='ltr'>Et</span> <span class='ocrx_word' id='word_1_22' title='bbox 1341 627 1460 699; x_wconf 87' lang='lat' dir='ltr'>resp&#39;on·</span> 
     </span>
     <span class='ocr_line' id='line_1_4' title="bbox 343 719 1461 800; baseline -0.009 -12"><span class='ocrx_word' id='word_1_23' title='bbox 343 725 422 788; x_wconf 84' lang='lat' dir='ltr'>dens</span> <span class='ocrx_word' id='word_1_24' title='bbox 446 723 546 786; x_wconf 88' lang='lat' dir='ltr'>ihesus</span> <span class='ocrx_word' id='word_1_25' title='bbox 570 719 611 784; x_wconf 81' lang='lat' dir='ltr'>cit</span> <span class='ocrx_word' id='word_1_26' title='bbox 636 721 701 786; x_wconf 89' lang='lat' dir='ltr'>iilis.</span> <span class='ocrx_word' id='word_1_27' title='bbox 740 723 857 800; x_wconf 80' lang='lat' dir='ltr'>jNonne</span> <span class='ocrx_word' id='word_1_28' title='bbox 881 721 951 784; x_wconf 90' lang='lat' dir='ltr'>ideo</span> <span class='ocrx_word' id='word_1_29' title='bbox 975 721 1078 784; x_wconf 85' lang='lat' dir='ltr'>erratis</span> <span class='ocrx_word' id='word_1_30' title='bbox 1106 723 1279 790; x_wconf 75' lang='lat' dir='ltr'>nescientes.</span> <span class='ocrx_word' id='word_1_31' title='bbox 1301 719 1461 800; x_wconf 79' lang='lat' dir='ltr'>scripturas</span> 
     </span>
    </p>

    <p class='ocr_par' dir='ltr' id='par_1_3' title="bbox 183 818 1461 902">
     <span class='ocr_line' id='line_1_5' title="bbox 183 818 1461 902; baseline -0.017 -2"><span class='ocrx_word' id='word_1_32' title='bbox 183 853 305 900; x_wconf 73' lang='lat' dir='ltr'>rimi..</span> <span class='ocrx_word' id='word_1_33' title='bbox 348 842 447 902; x_wconf 88' lang='lat' dir='ltr'>neque</span> <span class='ocrx_word' id='word_1_34' title='bbox 467 819 608 884; x_wconf 88' lang='lat' dir='ltr'>uirtutem</span> <span class='ocrx_word' id='word_1_35' title='bbox 630 819 700 882; x_wconf 80' lang='lat' dir='ltr'>dei!</span> <span class='ocrx_word' id='word_1_36' title='bbox 724 823 803 883; x_wconf 91' lang='lat' dir='ltr'>Cum</span> <span class='ocrx_word' id='word_1_37' title='bbox 825 819 947 896; x_wconf 80' lang='lat' dir='ltr'>enirna</span> <span class='ocrx_word' id='word_1_38' title='bbox 968 819 1092 883; x_wconf 89' lang='lat' dir='ltr'>mortuis</span> <span class='ocrx_word' id='word_1_39' title='bbox 1113 818 1343 887; x_wconf 65' lang='lat' dir='ltr'>resurrexerint}</span> <span class='ocrx_word' id='word_1_40' title='bbox 1361 835 1461 896; x_wconf 85' lang='lat' dir='ltr'>neque</span> 
     </span>
    </p>

    <p class='ocr_par' dir='ltr' id='par_1_4' title="bbox 182 902 1257 1006">
     <span class='ocr_line' id='line_1_6' title="bbox 182 902 1257 1006; baseline -0.007 -22"><span class='ocrx_word' id='word_1_41' title='bbox 182 902 332 998; x_wconf 56' lang='lat' dir='ltr'>{sslnfflffl&#39;</span> <span class='ocrx_word' id='word_1_42' title='bbox 347 923 464 1006; x_wconf 79' lang='lat' dir='ltr'>nubent</span> <span class='ocrx_word' id='word_1_43' title='bbox 477 941 578 1004; x_wconf 87' lang='lat' dir='ltr'>neque</span> <span class='ocrx_word' id='word_1_44' title='bbox 592 921 758 1000; x_wconf 26' lang='lat' dir='ltr'>nubentur-i</span> <span class='ocrx_word' id='word_1_45' title='bbox 779 921 834 982; x_wconf 85' lang='lat' dir='ltr'>sed</span> <span class='ocrx_word' id='word_1_46' title='bbox 848 933 917 982; x_wconf 88' lang='lat' dir='ltr'>sunt</span> <span class='ocrx_word' id='word_1_47' title='bbox 931 919 1007 982; x_wconf 87' lang='lat' dir='ltr'>sicut</span> <span class='ocrx_word' id='word_1_48' title='bbox 1020 917 1118 999; x_wconf 77' lang='lat' dir='ltr'>angeli</span> <span class='ocrx_word' id='word_1_49' title='bbox 1132 916 1163 988; x_wconf 86' lang='lat' dir='ltr'>in</span> <span class='ocrx_word' id='word_1_50' title='bbox 1177 919 1257 988; x_wconf 72' lang='lat' dir='ltr'>celis,</span> 
     </span>
    </p>

    <p class='ocr_par' dir='ltr' id='par_1_5' title="bbox 183 1006 1467 1480">
     <span class='ocr_line' id='line_1_7' title="bbox 183 1006 1465 1104; baseline -0.004 -19"><span class='ocrx_word' id='word_1_51' title='bbox 183 1006 268 1052; x_wconf 55' lang='grc' dir='ltr'>’Μ’</span> <span class='ocrx_word' id='word_1_52' title='bbox 410 1023 570 1085; x_wconf 71' lang='lat' dir='ltr'>&amp;mudum</span> <span class='ocrx_word' id='word_1_53' title='bbox 598 1023 717 1082; x_wconf 83' lang='lat' dir='ltr'><em>Lucam.</em></span> <span class='ocrx_word' id='word_1_54' title='bbox 770 1022 809 1082; x_wconf 90' lang='lat' dir='ltr'>In</span> <span class='ocrx_word' id='word_1_55' title='bbox 842 1020 894 1082; x_wconf 90' lang='lat' dir='ltr'>illo</span> <span class='ocrx_word' id='word_1_56' title='bbox 927 1033 1070 1099; x_wconf 87' lang='lat' dir='ltr'>tempore.</span> <span class='ocrx_word' id='word_1_57' title='bbox 1122 1022 1281 1104; x_wconf 75' lang='lat' dir='ltr'>lquente</span> <span class='ocrx_word' id='word_1_58' title='bbox 1311 1017 1396 1080; x_wconf 87' lang='lat' dir='ltr'>ihesu</span> <span class='ocrx_word' id='word_1_59' title='bbox 1423 1017 1465 1080; x_wconf 83' lang='lat' dir='ltr'>ad</span> 
     </span>
     <span class='ocr_line' id='line_1_8' title="bbox 349 1111 1464 1196; baseline -0.01 -14"><span class='ocrx_word' id='word_1_60' title='bbox 349 1121 468 1185; x_wconf 74' lang='lat' dir='ltr'>turbas!</span> <span class='ocrx_word' id='word_1_61' title='bbox 499 1119 646 1189; x_wconf 82' lang='lat' dir='ltr'>extollens</span> <span class='ocrx_word' id='word_1_62' title='bbox 671 1137 778 1196; x_wconf 87' lang='lat' dir='ltr'>uocem</span> <span class='ocrx_word' id='word_1_63' title='bbox 803 1119 933 1196; x_wconf 83' lang='lat' dir='ltr'>quedam</span> <span class='ocrx_word' id='word_1_64' title='bbox 959 1117 1066 1180; x_wconf 88' lang='lat' dir='ltr'>mulier</span> <span class='ocrx_word' id='word_1_65' title='bbox 1090 1119 1129 1182; x_wconf 86' lang='lat' dir='ltr'>de</span> <span class='ocrx_word' id='word_1_66' title='bbox 1153 1119 1241 1180; x_wconf 80' lang='lat' dir='ltr'>turbu</span> <span class='ocrx_word' id='word_1_67' title='bbox 1264 1127 1296 1178; x_wconf 91' lang='lat' dir='ltr'>et</span> <span class='ocrx_word' id='word_1_68' title='bbox 1319 1113 1394 1176; x_wconf 82' lang='lat' dir='ltr'>dixit</span> <span class='ocrx_word' id='word_1_69' title='bbox 1421 1111 1464 1173; x_wconf 91' lang='lat' dir='ltr'>illi</span> 
     </span>
     <span class='ocr_line' id='line_1_9' title="bbox 350 1211 1467 1298; baseline -0.004 -16"><span class='ocrx_word' id='word_1_70' title='bbox 350 1222 459 1282; x_wconf 83' lang='lat' dir='ltr'>Beatus</span> <span class='ocrx_word' id='word_1_71' title='bbox 487 1230 592 1281; x_wconf 90' lang='lat' dir='ltr'>uenter</span> <span class='ocrx_word' id='word_1_72' title='bbox 618 1217 670 1298; x_wconf 92' lang='lat' dir='ltr'>qui</span> <span class='ocrx_word' id='word_1_73' title='bbox 699 1229 730 1282; x_wconf 90' lang='lat' dir='ltr'>te</span> <span class='ocrx_word' id='word_1_74' title='bbox 754 1220 903 1298; x_wconf 73' lang='lat' dir='ltr'>portauit!</span> <span class='ocrx_word' id='word_1_75' title='bbox 933 1229 963 1279; x_wconf 89' lang='lat' dir='ltr'>et</span> <span class='ocrx_word' id='word_1_76' title='bbox 987 1221 1079 1280; x_wconf 84' lang='lat' dir='ltr'>ubera</span> <span class='ocrx_word' id='word_1_77' title='bbox 1107 1239 1166 1298; x_wconf 91' lang='lat' dir='ltr'>que</span> <span class='ocrx_word' id='word_1_78' title='bbox 1193 1213 1304 1284; x_wconf 86' lang='lat' dir='ltr'>suxisti.</span> <span class='ocrx_word' id='word_1_79' title='bbox 1347 1215 1389 1276; x_wconf 81' lang='lat' dir='ltr'>At</span> <span class='ocrx_word' id='word_1_80' title='bbox 1415 1211 1467 1278; x_wconf 86' lang='lat' dir='ltr'>itte</span> 
     </span>
     <span class='ocr_line' id='line_1_10' title="bbox 349 1315 1467 1396; baseline -0.001 -14"><span class='ocrx_word' id='word_1_81' title='bbox 349 1317 433 1382; x_wconf 86' lang='lat' dir='ltr'>dixit.</span> <span class='ocrx_word' id='word_1_82' title='bbox 476 1315 673 1396; x_wconf 80' lang='lat' dir='ltr'>Quinimmo!</span> <span class='ocrx_word' id='word_1_83' title='bbox 694 1316 782 1394; x_wconf 18' lang='lat' dir='ltr'>&#39;beati</span> <span class='ocrx_word' id='word_1_84' title='bbox 804 1315 1161 1394; x_wconf 59' lang='grc' dir='ltr'>1ιιιιί,ιιιιιὶὶιιιιι,ιιοιὶιιιιιι</span> <span class='ocrx_word' id='word_1_85' title='bbox 1183 1315 1232 1380; x_wconf 90' lang='lat' dir='ltr'>dei</span> <span class='ocrx_word' id='word_1_86' title='bbox 1254 1326 1344 1392; x_wconf 74' lang='lat' dir='ltr'>atque</span> <span class='ocrx_word' id='word_1_87' title='bbox 1368 1321 1467 1374; x_wconf 56' lang='lat' dir='ltr'>custo</span> 
     </span>
     <span class='ocr_line' id='line_1_11' title="bbox 350 1415 541 1480; baseline 0.01 -1"><span class='ocrx_word' id='word_1_88' title='bbox 350 1416 438 1479; x_wconf 90' lang='lat' dir='ltr'>diunt</span> <span class='ocrx_word' id='word_1_89' title='bbox 458 1415 541 1480; x_wconf 88' lang='lat' dir='ltr'>iilud.</span> 
     </span>
    </p>

    <p class='ocr_par' dir='ltr' id='par_1_6' title="bbox 350 1511 1473 2088">
     <span class='ocr_line' id='line_1_12' title="bbox 414 1511 1467 1596; baseline -0.009 -16"><span class='ocrx_word' id='word_1_90' title='bbox 414 1518 574 1580; x_wconf 68' lang='lat' dir='ltr'>&amp;madiam</span> <span class='ocrx_word' id='word_1_91' title='bbox 586 1516 762 1595; x_wconf 81' lang='lat' dir='ltr'>Jolrcrnnem.</span> <span class='ocrx_word' id='word_1_92' title='bbox 807 1517 845 1576; x_wconf 91' lang='lat' dir='ltr'>In</span> <span class='ocrx_word' id='word_1_93' title='bbox 864 1513 1012 1596; x_wconf 87' lang='lat' dir='ltr'>principio</span> <span class='ocrx_word' id='word_1_94' title='bbox 1030 1528 1094 1580; x_wconf 85' lang='lat' dir='ltr'>erat</span> <span class='ocrx_word' id='word_1_95' title='bbox 1108 1517 1243 1580; x_wconf 86' lang='lat' dir='ltr'>uerbum.</span> <span class='ocrx_word' id='word_1_96' title='bbox 1287 1515 1327 1576; x_wconf 87' lang='lat' dir='ltr'>Et</span> <span class='ocrx_word' id='word_1_97' title='bbox 1340 1511 1467 1578; x_wconf 87' lang='lat' dir='ltr'>uerbum</span> 
     </span>
     <span class='ocr_line' id='line_1_13' title="bbox 352 1607 1469 1694; baseline -0.005 -16"><span class='ocrx_word' id='word_1_98' title='bbox 352 1616 515 1694; x_wconf 75' lang='lat' dir='ltr'>erctupud</span> <span class='ocrx_word' id='word_1_99' title='bbox 533 1613 633 1676; x_wconf 88' lang='lat' dir='ltr'>deum.</span> <span class='ocrx_word' id='word_1_100' title='bbox 678 1617 717 1675; x_wconf 88' lang='lat' dir='ltr'>Et</span> <span class='ocrx_word' id='word_1_101' title='bbox 736 1615 812 1677; x_wconf 84' lang='lat' dir='ltr'>deus</span> <span class='ocrx_word' id='word_1_102' title='bbox 831 1625 893 1677; x_wconf 82' lang='lat' dir='ltr'>erat</span> <span class='ocrx_word' id='word_1_103' title='bbox 914 1615 1050 1680; x_wconf 88' lang='lat' dir='ltr'>uerbum.</span> <span class='ocrx_word' id='word_1_104' title='bbox 1093 1619 1166 1680; x_wconf 87' lang='lat' dir='ltr'>Hoc</span> <span class='ocrx_word' id='word_1_105' title='bbox 1185 1627 1248 1677; x_wconf 90' lang='lat' dir='ltr'>erat</span> <span class='ocrx_word' id='word_1_106' title='bbox 1269 1611 1300 1674; x_wconf 89' lang='lat' dir='ltr'>in</span> <span class='ocrx_word' id='word_1_107' title='bbox 1319 1607 1469 1692; x_wconf 89' lang='lat' dir='ltr'>principio</span> 
     </span>
     <span class='ocr_line' id='line_1_14' title="bbox 352 1709 1469 1792; baseline -0.006 -17"><span class='ocrx_word' id='word_1_108' title='bbox 352 1713 435 1792; x_wconf 83' lang='lat' dir='ltr'>apud</span> <span class='ocrx_word' id='word_1_109' title='bbox 454 1714 568 1788; x_wconf 56' lang='lat' dir='ltr'>deum„</span> <span class='ocrx_word' id='word_1_110' title='bbox 583 1711 710 1776; x_wconf 75' lang='lat' dir='ltr'>&#39;Omnia</span> <span class='ocrx_word' id='word_1_111' title='bbox 730 1731 785 1791; x_wconf 85' lang='lat' dir='ltr'>per</span> <span class='ocrx_word' id='word_1_112' title='bbox 805 1713 902 1791; x_wconf 89' lang='lat' dir='ltr'>ipsum</span> <span class='ocrx_word' id='word_1_113' title='bbox 925 1716 1005 1775; x_wconf 77' lang='lat' dir='ltr'>facte</span> <span class='ocrx_word' id='word_1_114' title='bbox 1025 1727 1095 1776; x_wconf 86' lang='lat' dir='ltr'>sunt</span> <span class='ocrx_word' id='word_1_115' title='bbox 1103 1719 1119 1772; x_wconf 72' lang='lat' dir='ltr'>t·</span> <span class='ocrx_word' id='word_1_116' title='bbox 1134 1725 1165 1776; x_wconf 85' lang='lat' dir='ltr'>et</span> <span class='ocrx_word' id='word_1_117' title='bbox 1184 1712 1249 1776; x_wconf 83' lang='lat' dir='ltr'>sine</span> <span class='ocrx_word' id='word_1_118' title='bbox 1268 1711 1334 1790; x_wconf 84' lang='lat' dir='ltr'>ipso</span> <span class='ocrx_word' id='word_1_119' title='bbox 1354 1709 1469 1772; x_wconf 77' lang='lat' dir='ltr'>fuctum</span> 
     </span>
     <span class='ocr_line' id='line_1_15' title="bbox 350 1807 1471 1891; baseline -0.005 -17"><span class='ocrx_word' id='word_1_120' title='bbox 350 1822 401 1874; x_wconf 80' lang='lat' dir='ltr'>est</span> <span class='ocrx_word' id='word_1_121' title='bbox 424 1811 526 1878; x_wconf 85' lang='lat' dir='ltr'>nichil.</span> <span class='ocrx_word' id='word_1_122' title='bbox 567 1812 660 1889; x_wconf 91' lang='lat' dir='ltr'>Quod</span> <span class='ocrx_word' id='word_1_123' title='bbox 684 1811 797 1874; x_wconf 75' lang='lat' dir='ltr'>sactum</span> <span class='ocrx_word' id='word_1_124' title='bbox 822 1824 885 1874; x_wconf 87' lang='lat' dir='ltr'>est:</span> <span class='ocrx_word' id='word_1_125' title='bbox 914 1810 1036 1891; x_wconf 89' lang='lat' dir='ltr'>inipso</span> <span class='ocrx_word' id='word_1_126' title='bbox 1061 1812 1217 1876; x_wconf 73' lang='lat' dir='ltr'>uitserac</span> <span class='ocrx_word' id='word_1_127' title='bbox 1262 1813 1303 1872; x_wconf 81' lang='lat' dir='ltr'>Et</span> <span class='ocrx_word' id='word_1_128' title='bbox 1322 1807 1385 1874; x_wconf 80' lang='lat' dir='ltr'>uita</span> <span class='ocrx_word' id='word_1_129' title='bbox 1406 1817 1471 1869; x_wconf 75' lang='lat' dir='ltr'>erat</span> 
     </span>
     <span class='ocr_line' id='line_1_16' title="bbox 355 1909 1470 1990; baseline -0.004 -19"><span class='ocrx_word' id='word_1_130' title='bbox 355 1912 405 1988; x_wconf 83' lang='lat' dir='ltr'>lux</span> <span class='ocrx_word' id='word_1_131' title='bbox 419 1909 586 1972; x_wconf 88' lang='lat' dir='ltr'>hominum.</span> <span class='ocrx_word' id='word_1_132' title='bbox 631 1913 669 1971; x_wconf 91' lang='lat' dir='ltr'>Et</span> <span class='ocrx_word' id='word_1_133' title='bbox 689 1911 739 1970; x_wconf 86' lang='lat' dir='ltr'>lux</span> <span class='ocrx_word' id='word_1_134' title='bbox 758 1909 789 1970; x_wconf 94' lang='lat' dir='ltr'>in</span> <span class='ocrx_word' id='word_1_135' title='bbox 808 1909 939 1976; x_wconf 80' lang='lat' dir='ltr'>tenebris</span> <span class='ocrx_word' id='word_1_136' title='bbox 957 1911 1039 1974; x_wconf 89' lang='lat' dir='ltr'>lucet</span> <span class='ocrx_word' id='word_1_137' title='bbox 1048 1933 1057 1988; x_wconf 80' lang='lat'>3</span> <span class='ocrx_word' id='word_1_138' title='bbox 1077 1923 1169 1990; x_wconf 79' lang='lat' dir='ltr'>atque</span> <span class='ocrx_word' id='word_1_139' title='bbox 1188 1911 1310 1973; x_wconf 87' lang='lat' dir='ltr'>tenebre</span> <span class='ocrx_word' id='word_1_140' title='bbox 1325 1927 1392 1970; x_wconf 76' lang='lat' dir='ltr'>eam</span> <span class='ocrx_word' id='word_1_141' title='bbox 1406 1924 1470 1970; x_wconf 89' lang='lat' dir='ltr'>non</span> 
     </span>
     <span class='ocr_line' id='line_1_17' title="bbox 356 2005 1473 2088; baseline -0.003 -20"><span class='ocrx_word' id='word_1_142' title='bbox 356 2008 656 2088; x_wconf 84' lang='lat' dir='ltr'>comprehenderunt.</span> <span class='ocrx_word' id='word_1_143' title='bbox 700 2005 770 2068; x_wconf 87' lang='lat' dir='ltr'>Fuit</span> <span class='ocrx_word' id='word_1_144' title='bbox 797 2006 890 2070; x_wconf 91' lang='lat' dir='ltr'>homo</span> <span class='ocrx_word' id='word_1_145' title='bbox 915 2009 1022 2070; x_wconf 85' lang='lat' dir='ltr'>missus</span> <span class='ocrx_word' id='word_1_146' title='bbox 1046 2028 1065 2070; x_wconf 79' lang='lat' dir='ltr'>a</span> <span class='ocrx_word' id='word_1_147' title='bbox 1089 2011 1165 2072; x_wconf 74' lang='lat' dir='ltr'>deo!</span> <span class='ocrx_word' id='word_1_148' title='bbox 1194 2007 1249 2069; x_wconf 88' lang='lat' dir='ltr'>cui·</span> <span class='ocrx_word' id='word_1_149' title='bbox 1268 2024 1386 2084; x_wconf 87' lang='lat' dir='ltr'>nornen</span> <span class='ocrx_word' id='word_1_150' title='bbox 1408 2013 1473 2066; x_wconf 78' lang='lat' dir='ltr'>erat</span> 
     </span>
    </p>

    <p class='ocr_par' dir='ltr' id='par_1_7' title="bbox 272 2103 1481 3174">
     <span class='ocr_line' id='line_1_18' title="bbox 272 2103 1473 2185; baseline -0.007 -12"><span class='ocrx_word' id='word_1_151' title='bbox 272 2107 510 2177; x_wconf 73' lang='lat' dir='ltr'>trbiuhannes.</span> <span class='ocrx_word' id='word_1_152' title='bbox 555 2105 621 2167; x_wconf 76' lang='lat' dir='ltr'>Hic.</span> <span class='ocrx_word' id='word_1_153' title='bbox 638 2106 722 2168; x_wconf 90' lang='lat' dir='ltr'>uenit</span> <span class='ocrx_word' id='word_1_154' title='bbox 744 2106 774 2167; x_wconf 92' lang='lat' dir='ltr'>in</span> <span class='ocrx_word' id='word_1_155' title='bbox 797 2106 1001 2170; x_wconf 87' lang='lat' dir='ltr'>testimonium</span> <span class='ocrx_word' id='word_1_156' title='bbox 1024 2121 1057 2170; x_wconf 94' lang='lat' dir='ltr'>ut</span> <span class='ocrx_word' id='word_1_157' title='bbox 1077 2107 1283 2174; x_wconf 83' lang='lat' dir='ltr'>testimonium</span> <span class='ocrx_word' id='word_1_158' title='bbox 1302 2103 1473 2185; x_wconf 89' lang='lat' dir='ltr'>perhiberet</span> 
     </span>
     <span class='ocr_line' id='line_1_19' title="bbox 356 2201 1473 2284; baseline -0.007 -18"><span class='ocrx_word' id='word_1_159' title='bbox 356 2203 549 2266; x_wconf 77' lang='lat' dir='ltr'>delumine!</span> <span class='ocrx_word' id='word_1_160' title='bbox 578 2215 611 2265; x_wconf 84' lang='grc' dir='ltr'>ιιι</span> <span class='ocrx_word' id='word_1_161' title='bbox 632 2223 739 2265; x_wconf 90' lang='lat' dir='ltr'>omnes</span> <span class='ocrx_word' id='word_1_162' title='bbox 763 2205 918 2266; x_wconf 84' lang='lat' dir='ltr'>crederent</span> <span class='ocrx_word' id='word_1_163' title='bbox 942 2207 1110 2284; x_wconf 88' lang='lat' dir='ltr'>perillum.</span> <span class='ocrx_word' id='word_1_164' title='bbox 1156 2207 1227 2270; x_wconf 86' lang='lat' dir='ltr'>Non</span> <span class='ocrx_word' id='word_1_165' title='bbox 1249 2213 1312 2267; x_wconf 85' lang='lat' dir='ltr'>erut</span> <span class='ocrx_word' id='word_1_166' title='bbox 1333 2203 1382 2265; x_wconf 87' lang='lat' dir='ltr'>ilie</span> <span class='ocrx_word' id='word_1_167' title='bbox 1403 2201 1473 2266; x_wconf 76' lang='lat' dir='ltr'>lux!</span> 
     </span>
     <span class='ocr_line' id='line_1_20' title="bbox 357 2299 1474 2382; baseline 0.001 -19"><span class='ocrx_word' id='word_1_168' title='bbox 357 2303 412 2364; x_wconf 88' lang='lat' dir='ltr'>sed</span> <span class='ocrx_word' id='word_1_169' title='bbox 431 2313 465 2364; x_wconf 90' lang='lat' dir='ltr'>ut</span> <span class='ocrx_word' id='word_1_170' title='bbox 489 2299 694 2366; x_wconf 88' lang='lat' dir='ltr'>testimonium</span> <span class='ocrx_word' id='word_1_171' title='bbox 717 2302 885 2382; x_wconf 90' lang='lat' dir='ltr'>perhiberet</span> <span class='ocrx_word' id='word_1_172' title='bbox 906 2305 946 2367; x_wconf 92' lang='lat' dir='ltr'>de</span> <span class='ocrx_word' id='word_1_173' title='bbox 967 2306 1088 2370; x_wconf 72' lang='lat' dir='ltr'>lumine</span> <span class='ocrx_word' id='word_1_174' title='bbox 1133 2307 1204 2368; x_wconf 81' lang='lat' dir='ltr'>Erat</span> <span class='ocrx_word' id='word_1_175' title='bbox 1225 2306 1275 2365; x_wconf 84' lang='lat' dir='ltr'>lux</span> <span class='ocrx_word' id='word_1_176' title='bbox 1294 2306 1384 2368; x_wconf 77' lang='lat' dir='ltr'>uera!</span> <span class='ocrx_word' id='word_1_177' title='bbox 1411 2321 1474 2379; x_wconf 89' lang='lat' dir='ltr'>que</span> 
     </span>
     <span class='ocr_line' id='line_1_21' title="bbox 358 2399 1474 2476; baseline -0.001 -15"><span class='ocrx_word' id='word_1_178' title='bbox 358 2399 506 2476; x_wconf 79' lang='lat' dir='ltr'>illuminat</span> <span class='ocrx_word' id='word_1_179' title='bbox 532 2419 655 2463; x_wconf 85' lang='lat' dir='ltr'>ornnem</span> <span class='ocrx_word' id='word_1_180' title='bbox 679 2401 833 2468; x_wconf 84' lang='lat' dir='ltr'>hominem</span> <span class='ocrx_word' id='word_1_181' title='bbox 862 2405 1034 2468; x_wconf 88' lang='lat' dir='ltr'>uenientem</span> <span class='ocrx_word' id='word_1_182' title='bbox 1064 2405 1095 2468; x_wconf 90' lang='lat' dir='ltr'>in</span> <span class='ocrx_word' id='word_1_183' title='bbox 1124 2406 1205 2471; x_wconf 86' lang='lat' dir='ltr'>hunc</span> <span class='ocrx_word' id='word_1_184' title='bbox 1233 2403 1389 2466; x_wconf 87' lang='lat' dir='ltr'>mundum.</span> <span class='ocrx_word' id='word_1_185' title='bbox 1434 2402 1474 2462; x_wconf 94' lang='lat' dir='ltr'>In</span> 
     </span>
     <span class='ocr_line' id='line_1_22' title="bbox 359 2500 1476 2582; baseline 0 -22"><span class='ocrx_word' id='word_1_186' title='bbox 359 2500 474 2570; x_wconf 88' lang='lat' dir='ltr'>mundo</span> <span class='ocrx_word' id='word_1_187' title='bbox 502 2511 573 2576; x_wconf 81' lang='lat' dir='ltr'>erat,</span> <span class='ocrx_word' id='word_1_188' title='bbox 602 2511 694 2579; x_wconf 87' lang='lat' dir='ltr'>atque</span> <span class='ocrx_word' id='word_1_189' title='bbox 719 2503 849 2564; x_wconf 86' lang='lat' dir='ltr'>mundus</span> <span class='ocrx_word' id='word_1_190' title='bbox 873 2505 1048 2582; x_wconf 87' lang='lat' dir='ltr'>peripsum</span> <span class='ocrx_word' id='word_1_191' title='bbox 1073 2505 1170 2568; x_wconf 80' lang='lat' dir='ltr'>iactus</span> <span class='ocrx_word' id='word_1_192' title='bbox 1194 2508 1257 2567; x_wconf 77' lang='lat' dir='ltr'>esti</span> <span class='ocrx_word' id='word_1_193' title='bbox 1284 2513 1316 2565; x_wconf 91' lang='lat' dir='ltr'>et</span> <span class='ocrx_word' id='word_1_194' title='bbox 1344 2500 1476 2562; x_wconf 87' lang='lat' dir='ltr'>mundus</span> 
     </span>
     <span class='ocr_line' id='line_1_23' title="bbox 359 2597 1474 2681; baseline -0.002 -21"><span class='ocrx_word' id='word_1_195' title='bbox 359 2617 430 2677; x_wconf 87' lang='lat' dir='ltr'>eum</span> <span class='ocrx_word' id='word_1_196' title='bbox 444 2617 506 2658; x_wconf 89' lang='lat' dir='ltr'>non</span> <span class='ocrx_word' id='word_1_197' title='bbox 520 2597 671 2676; x_wconf 81' lang='lat' dir='ltr'>cognouit</span> <span class='ocrx_word' id='word_1_198' title='bbox 715 2602 752 2660; x_wconf 93' lang='lat' dir='ltr'>In</span> <span class='ocrx_word' id='word_1_199' title='bbox 767 2599 888 2681; x_wconf 85' lang='lat' dir='ltr'>propria</span> <span class='ocrx_word' id='word_1_200' title='bbox 901 2602 1002 2665; x_wconf 73' lang='lat' dir='ltr'>uenit!</span> <span class='ocrx_word' id='word_1_201' title='bbox 1024 2615 1055 2666; x_wconf 88' lang='lat' dir='ltr'>et</span> <span class='ocrx_word' id='word_1_202' title='bbox 1068 2601 1115 2667; x_wconf 86' lang='lat' dir='ltr'>sui</span> <span class='ocrx_word' id='word_1_203' title='bbox 1129 2623 1199 2666; x_wconf 91' lang='lat' dir='ltr'>eum</span> <span class='ocrx_word' id='word_1_204' title='bbox 1214 2623 1277 2665; x_wconf 90' lang='lat' dir='ltr'>non</span> <span class='ocrx_word' id='word_1_205' title='bbox 1291 2609 1474 2680; x_wconf 88' lang='lat' dir='ltr'>receperunt.</span> 
     </span>
     <span class='ocr_line' id='line_1_24' title="bbox 360 2693 1478 2782; baseline 0.001 -26"><span class='ocrx_word' id='word_1_206' title='bbox 360 2698 520 2774; x_wconf 87' lang='lat' dir='ltr'>Quotquot</span> <span class='ocrx_word' id='word_1_207' title='bbox 537 2707 637 2758; x_wconf 84' lang='lat' dir='ltr'>autern</span> <span class='ocrx_word' id='word_1_208' title='bbox 657 2711 834 2778; x_wconf 87' lang='lat' dir='ltr'>receperunt</span> <span class='ocrx_word' id='word_1_209' title='bbox 853 2707 942 2762; x_wconf 72' lang='lat' dir='ltr'>eum!</span> <span class='ocrx_word' id='word_1_210' title='bbox 964 2701 1049 2765; x_wconf 88' lang='lat' dir='ltr'>dedit</span> <span class='ocrx_word' id='word_1_211' title='bbox 1068 2699 1111 2764; x_wconf 85' lang='lat' dir='ltr'>eis</span> <span class='ocrx_word' id='word_1_212' title='bbox 1125 2712 1306 2782; x_wconf 86' lang='lat' dir='ltr'>potestatem</span> <span class='ocrx_word' id='word_1_213' title='bbox 1328 2697 1405 2760; x_wconf 85' lang='lat' dir='ltr'>filios</span> <span class='ocrx_word' id='word_1_214' title='bbox 1426 2693 1478 2759; x_wconf 90' lang='lat' dir='ltr'>dei</span> 
     </span>
     <span class='ocr_line' id='line_1_25' title="bbox 360 2793 1478 2878; baseline 0 -24"><span class='ocrx_word' id='word_1_215' title='bbox 360 2794 422 2854; x_wconf 88' lang='lat' dir='ltr'>tieri</span> <span class='ocrx_word' id='word_1_216' title='bbox 444 2794 491 2856; x_wconf 90' lang='lat' dir='ltr'>his</span> <span class='ocrx_word' id='word_1_217' title='bbox 513 2793 565 2872; x_wconf 92' lang='lat' dir='ltr'>qui</span> <span class='ocrx_word' id='word_1_218' title='bbox 587 2796 712 2858; x_wconf 86' lang='lat' dir='ltr'>creduut</span> <span class='ocrx_word' id='word_1_219' title='bbox 735 2796 768 2858; x_wconf 91' lang='lat' dir='ltr'>in</span> <span class='ocrx_word' id='word_1_220' title='bbox 791 2797 914 2861; x_wconf 86' lang='lat' dir='ltr'>nomine</span> <span class='ocrx_word' id='word_1_221' title='bbox 937 2797 1008 2860; x_wconf 89' lang='lat' dir='ltr'>eius.</span> <span class='ocrx_word' id='word_1_222' title='bbox 1052 2797 1112 2878; x_wconf 90' lang='lat' dir='ltr'>Qui</span> <span class='ocrx_word' id='word_1_223' title='bbox 1135 2819 1198 2862; x_wconf 89' lang='lat' dir='ltr'>non</span> <span class='ocrx_word' id='word_1_224' title='bbox 1221 2819 1260 2862; x_wconf 83' lang='lat' dir='ltr'>ex</span> <span class='ocrx_word' id='word_1_225' title='bbox 1284 2793 1478 2875; x_wconf 80' lang='lat' dir='ltr'>sanguinibus</span> 
     </span>
     <span class='ocr_line' id='line_1_26' title="bbox 362 2893 1480 2976; baseline 0.004 -22"><span class='ocrx_word' id='word_1_226' title='bbox 362 2913 462 2970; x_wconf 89' lang='lat' dir='ltr'>neque</span> <span class='ocrx_word' id='word_1_227' title='bbox 483 2914 520 2955; x_wconf 86' lang='lat' dir='ltr'>ex</span> <span class='ocrx_word' id='word_1_228' title='bbox 542 2893 698 2958; x_wconf 84' lang='lat' dir='ltr'>uoluntate</span> <span class='ocrx_word' id='word_1_229' title='bbox 718 2896 817 2958; x_wconf 86' lang='lat' dir='ltr'>carnis</span> <span class='ocrx_word' id='word_1_230' title='bbox 838 2917 937 2976; x_wconf 85' lang='lat' dir='ltr'>neque</span> <span class='ocrx_word' id='word_1_231' title='bbox 959 2918 996 2960; x_wconf 86' lang='lat' dir='ltr'>ex</span> <span class='ocrx_word' id='word_1_232' title='bbox 1016 2899 1171 2961; x_wconf 85' lang='lat' dir='ltr'>uoluntate</span> <span class='ocrx_word' id='word_1_233' title='bbox 1192 2894 1266 2960; x_wconf 79' lang='lat' dir='ltr'>uiri!</span> <span class='ocrx_word' id='word_1_234' title='bbox 1288 2895 1342 2957; x_wconf 89' lang='lat' dir='ltr'>sed</span> <span class='ocrx_word' id='word_1_235' title='bbox 1361 2915 1398 2955; x_wconf 87' lang='lat' dir='ltr'>ex</span> <span class='ocrx_word' id='word_1_236' title='bbox 1415 2895 1480 2956; x_wconf 88' lang='lat' dir='ltr'>deo</span> 
     </span>
     <span class='ocr_line' id='line_1_27' title="bbox 362 2989 1479 3075; baseline 0.002 -23"><span class='ocrx_word' id='word_1_237' title='bbox 362 2989 425 3052; x_wconf 84' lang='lat' dir='ltr'>nati</span> <span class='ocrx_word' id='word_1_238' title='bbox 437 3003 516 3054; x_wconf 79' lang='lat' dir='ltr'>sunt</span> <span class='ocrx_word' id='word_1_239' title='bbox 561 2995 602 3053; x_wconf 91' lang='lat' dir='ltr'>Et</span> <span class='ocrx_word' id='word_1_240' title='bbox 620 2996 747 3068; x_wconf 87' lang='lat' dir='ltr'>uerbum</span> <span class='ocrx_word' id='word_1_241' title='bbox 769 3015 840 3059; x_wconf 82' lang='lat' dir='ltr'>caro</span> <span class='ocrx_word' id='word_1_242' title='bbox 858 2997 969 3058; x_wconf 80' lang='lat' dir='ltr'>iactum</span> <span class='ocrx_word' id='word_1_243' title='bbox 985 3000 1048 3059; x_wconf 73' lang='lat' dir='ltr'>esti</span> <span class='ocrx_word' id='word_1_244' title='bbox 1069 3007 1160 3075; x_wconf 84' lang='lat' dir='ltr'>atque</span> <span class='ocrx_word' id='word_1_245' title='bbox 1174 2992 1321 3056; x_wconf 81' lang='lat' dir='ltr'>habitauit</span> <span class='ocrx_word' id='word_1_246' title='bbox 1335 2992 1366 3054; x_wconf 88' lang='lat' dir='ltr'>in</span> <span class='ocrx_word' id='word_1_247' title='bbox 1380 2989 1479 3054; x_wconf 86' lang='lat' dir='ltr'>nobis.</span> 
     </span>
     <span class='ocr_line' id='line_1_28' title="bbox 364 3089 1481 3174; baseline -0.001 -23"><span class='ocrx_word' id='word_1_248' title='bbox 364 3091 404 3151; x_wconf 91' lang='lat' dir='ltr'>Et</span> <span class='ocrx_word' id='word_1_249' title='bbox 418 3089 548 3152; x_wconf 86' lang='lat' dir='ltr'>uidimus</span> <span class='ocrx_word' id='word_1_250' title='bbox 562 3091 685 3169; x_wconf 81' lang='lat' dir='ltr'>gloriam</span> <span class='ocrx_word' id='word_1_251' title='bbox 703 3092 786 3158; x_wconf 76' lang='lat' dir='ltr'>eiust</span> <span class='ocrx_word' id='word_1_252' title='bbox 808 3094 932 3173; x_wconf 75' lang='lat' dir='ltr'>gloriam</span> <span class='ocrx_word' id='word_1_253' title='bbox 952 3093 1036 3174; x_wconf 78' lang='lat' dir='ltr'>quasi</span> <span class='ocrx_word' id='word_1_254' title='bbox 1051 3093 1195 3173; x_wconf 88' lang='lat' dir='ltr'>unigeniti</span> <span class='ocrx_word' id='word_1_255' title='bbox 1209 3113 1228 3156; x_wconf 80' lang='lat' dir='ltr'><strong>a</strong></span> <span class='ocrx_word' id='word_1_256' title='bbox 1241 3103 1337 3172; x_wconf 81' lang='lat' dir='ltr'>patre-</span> <span class='ocrx_word' id='word_1_257' title='bbox 1351 3091 1481 3152; x_wconf 87' lang='lat' dir='ltr'>Plenum</span> 
     </span>
    </p>

    <p class='ocr_par' dir='ltr' id='par_1_8' title="bbox 298 3186 673 3268">
     <span class='ocr_line' id='line_1_29' title="bbox 298 3186 673 3268; baseline 0.003 -19"><span class='ocrx_word' id='word_1_258' title='bbox 298 3251 302 3258; x_wconf 76' lang='grc'><em>,</em></span> <span class='ocrx_word' id='word_1_259' title='bbox 362 3186 461 3268; x_wconf 78' lang='lat' dir='ltr'>gracie</span> <span class='ocrx_word' id='word_1_260' title='bbox 481 3199 511 3250; x_wconf 90' lang='lat' dir='ltr'>et</span> <span class='ocrx_word' id='word_1_261' title='bbox 532 3187 673 3251; x_wconf 84' lang='lat' dir='ltr'>ueritatis.</span> 
     </span>
    </p>
   </div>
   <div class='ocr_carea' id='block_1_3' title="bbox 476 3445 1368 3640">
    <p class='ocr_par' dir='ltr' id='par_1_9' title="bbox 476 3445 1368 3640">
     <span class='ocr_line' id='line_1_30' title="bbox 476 3445 1368 3535; baseline -0.001 -23"><span class='ocrx_word' id='word_1_262' title='bbox 476 3445 507 3512; x_wconf 86' lang='lat' dir='ltr'>d.</span> <span class='ocrx_word' id='word_1_263' title='bbox 551 3445 680 3512; x_wconf 83' lang='lat' dir='ltr'>Lettcrs</span> <span class='ocrx_word' id='word_1_264' title='bbox 701 3449 876 3535; x_wconf 72' lang='lat' dir='ltr'>dimissory</span> <span class='ocrx_word' id='word_1_265' title='bbox 889 3453 952 3532; x_wconf 87' lang='lat' dir='ltr'>sor</span> <span class='ocrx_word' id='word_1_266' title='bbox 972 3473 994 3514; x_wconf 87' lang='lat' dir='ltr'><em>a</em></span> <span class='ocrx_word' id='word_1_267' title='bbox 1019 3450 1131 3518; x_wconf 80' lang='lat' dir='ltr'>Canon</span> <span class='ocrx_word' id='word_1_268' title='bbox 1154 3449 1227 3514; x_wconf 77' lang='lat' dir='ltr'>culto</span> <span class='ocrx_word' id='word_1_269' title='bbox 1250 3449 1368 3515; x_wconf 65' lang='lat' dir='ltr'>mulces</span> 
     </span>
     <span class='ocr_line' id='line_1_31' title="bbox 688 3554 1160 3640; baseline 0.008 -24"><span class='ocrx_word' id='word_1_270' title='bbox 688 3561 719 3617; x_wconf 87' lang='lat' dir='ltr'>to</span> <span class='ocrx_word' id='word_1_271' title='bbox 740 3554 861 3638; x_wconf 76' lang='lat' dir='ltr'>change</span> <span class='ocrx_word' id='word_1_272' title='bbox 881 3555 935 3620; x_wconf 77' lang='lat' dir='ltr'>leis</span> <span class='ocrx_word' id='word_1_273' title='bbox 957 3561 1160 3640; x_wconf 77' lang='lat' dir='ltr'>rrwrrastery¹.</span> 
     </span>
    </p>
   </div>
   <div class='ocr_carea' id='block_1_4' title="bbox 367 3717 1486 4146">
    <p class='ocr_par' dir='ltr' id='par_1_10' title="bbox 367 3717 1486 4146">
     <span class='ocr_line' id='line_1_32' title="bbox 419 3717 1483 3798; baseline 0.004 -22"><span class='ocrx_word' id='word_1_274' title='bbox 419 3717 597 3792; x_wconf 81' lang='lat' dir='ltr'>[Uenerabih</span> <span class='ocrx_word' id='word_1_275' title='bbox 616 3733 646 3778; x_wconf 87' lang='lat' dir='ltr'>et</span> <span class='ocrx_word' id='word_1_276' title='bbox 663 3723 795 3794; x_wconf 86' lang='lat' dir='ltr'>religioso</span> <span class='ocrx_word' id='word_1_277' title='bbox 812 3723 900 3796; x_wconf 81' lang='lat' dir='ltr'>viro[</span> <span class='ocrx_word' id='word_1_278' title='bbox 1184 3722 1293 3798; x_wconf 85' lang='lat' dir='ltr'>Jpriori</span> <span class='ocrx_word' id='word_1_279' title='bbox 1314 3725 1483 3780; x_wconf 74' lang='lat' dir='ltr'>Monosterii</span> 
     </span>
     <span class='ocr_line' id='line_1_33' title="bbox 368 3806 1485 3882; baseline 0.004 -21"><span class='ocrx_word' id='word_1_280' title='bbox 368 3806 460 3862; x_wconf 87' lang='lat' dir='ltr'>sancti</span> <span class='ocrx_word' id='word_1_281' title='bbox 485 3807 579 3876; x_wconf 86' lang='lat' dir='ltr'>Egidii</span> <span class='ocrx_word' id='word_1_282' title='bbox 605 3808 642 3864; x_wconf 86' lang='lat' dir='ltr'>de</span> <span class='ocrx_word' id='word_1_283' title='bbox 668 3809 822 3866; x_wconf 81' lang='lat' dir='ltr'>Rameweli</span> <span class='ocrx_word' id='word_1_284' title='bbox 848 3811 925 3865; x_wconf 87' lang='lat' dir='ltr'>iuxta</span> <span class='ocrx_word' id='word_1_285' title='bbox 948 3810 1170 3881; x_wconf 85' lang='lat' dir='ltr'>cantabrigiam,</span> <span class='ocrx_word' id='word_1_286' title='bbox 1190 3809 1297 3866; x_wconf 85' lang='lat' dir='ltr'>Eliensi</span> <span class='ocrx_word' id='word_1_287' title='bbox 1319 3809 1436 3882; x_wconf 84' lang='lat' dir='ltr'>diocesi,</span> <span class='ocrx_word' id='word_1_288' title='bbox 1454 3821 1485 3865; x_wconf 89' lang='lat' dir='ltr'>et</span> 
     </span>
     <span class='ocr_line' id='line_1_34' title="bbox 367 3895 1484 3972; baseline 0.003 -23"><span class='ocrx_word' id='word_1_289' title='bbox 367 3895 496 3950; x_wconf 83' lang='lat' dir='ltr'>eiusdem</span> <span class='ocrx_word' id='word_1_290' title='bbox 522 3895 576 3952; x_wconf 88' lang='lat' dir='ltr'>loci</span> <span class='ocrx_word' id='word_1_291' title='bbox 601 3899 752 3954; x_wconf 89' lang='lat' dir='ltr'>conuentui</span> <span class='ocrx_word' id='word_1_292' title='bbox 781 3898 919 3954; x_wconf 85' lang='lat' dir='ltr'>Ricardus</span> <span class='ocrx_word' id='word_1_293' title='bbox 944 3899 1021 3971; x_wconf 92' lang='lat' dir='ltr'>prior</span> <span class='ocrx_word' id='word_1_294' title='bbox 1041 3899 1181 3972; x_wconf 85' lang='lat' dir='ltr'>prioratus</span> <span class='ocrx_word' id='word_1_295' title='bbox 1202 3899 1239 3954; x_wconf 88' lang='lat' dir='ltr'>de</span> <span class='ocrx_word' id='word_1_296' title='bbox 1264 3898 1397 3968; x_wconf 80' lang='lat' dir='ltr'>Stonley¹</span> <span class='ocrx_word' id='word_1_297' title='bbox 1419 3899 1484 3953; x_wconf 90' lang='lat' dir='ltr'>Lin-</span> 
     </span>
     <span class='ocr_line' id='line_1_35' title="bbox 368 3983 1484 4044; baseline 0.005 -7"><span class='ocrx_word' id='word_1_298' title='bbox 368 3983 506 4039; x_wconf 86' lang='lat' dir='ltr'>colniensi</span> <span class='ocrx_word' id='word_1_299' title='bbox 515 3983 622 4040; x_wconf 84' lang='lat' dir='ltr'>diocesi</span> <span class='ocrx_word' id='word_1_300' title='bbox 630 3997 659 4042; x_wconf 86' lang='lat' dir='ltr'>et</span> <span class='ocrx_word' id='word_1_301' title='bbox 666 3987 795 4042; x_wconf 91' lang='lat' dir='ltr'>eiusdem</span> <span class='ocrx_word' id='word_1_302' title='bbox 806 3986 860 4042; x_wconf 90' lang='lat' dir='ltr'>ioci</span> <span class='ocrx_word' id='word_1_303' title='bbox 870 3997 1028 4043; x_wconf 88' lang='lat' dir='ltr'>conuentus</span> <span class='ocrx_word' id='word_1_304' title='bbox 1036 3988 1156 4044; x_wconf 84' lang='lat' dir='ltr'>salutem</span> <span class='ocrx_word' id='word_1_305' title='bbox 1166 3988 1195 4042; x_wconf 89' lang='lat' dir='ltr'>irr</span> <span class='ocrx_word' id='word_1_306' title='bbox 1206 3983 1333 4043; x_wconf 86' lang='lat' dir='ltr'>omnium</span> <span class='ocrx_word' id='word_1_307' title='bbox 1342 3987 1484 4044; x_wconf 81' lang='lat' dir='ltr'>saluatore</span> 
     </span>
     <span class='ocr_line' id='line_1_36' title="bbox 368 4069 1486 4146; baseline 0.004 -20"><span class='ocrx_word' id='word_1_308' title='bbox 368 4069 437 4142; x_wconf 82' lang='lat' dir='ltr'>quia</span> <span class='ocrx_word' id='word_1_309' title='bbox 460 4070 581 4127; x_wconf 90' lang='lat' dir='ltr'>dilectus</span> <span class='ocrx_word' id='word_1_310' title='bbox 605 4072 688 4129; x_wconf 89' lang='lat' dir='ltr'>nobis</span> <span class='ocrx_word' id='word_1_311' title='bbox 711 4073 741 4130; x_wconf 87' lang='lat' dir='ltr'>in</span> <span class='ocrx_word' id='word_1_312' title='bbox 767 4073 912 4146; x_wconf 89' lang='lat' dir='ltr'>Christo[</span> <span class='ocrx_word' id='word_1_313' title='bbox 1134 4073 1254 4146; x_wconf 89' lang='lat' dir='ltr'>]nuper</span> <span class='ocrx_word' id='word_1_314' title='bbox 1270 4073 1433 4131; x_wconf 72' lang='lat' dir='ltr'>‘canonicus</span> <span class='ocrx_word' id='word_1_315' title='bbox 1457 4085 1486 4130; x_wconf 88' lang='lat' dir='ltr'>et</span> 
     </span>
    </p>
   </div>
   <div class='ocr_carea' id='block_1_5' title="bbox 419 4223 1288 4310">
    <p class='ocr_par' dir='ltr' id='par_1_11' title="bbox 419 4223 1288 4310">
     <span class='ocr_line' id='line_1_37' title="bbox 419 4223 1288 4310; baseline 0.006 -21"><span class='ocrx_word' id='word_1_316' title='bbox 419 4237 429 4270; x_wconf 83' lang='lat'>²</span> <span class='ocrx_word' id='word_1_317' title='bbox 447 4240 529 4291; x_wconf 88' lang='lat' dir='ltr'>These</span> <span class='ocrx_word' id='word_1_318' title='bbox 542 4249 592 4291; x_wconf 86' lang='lat' dir='ltr'>two</span> <span class='ocrx_word' id='word_1_319' title='bbox 603 4243 751 4295; x_wconf 81' lang='lat' dir='ltr'>documents</span> <span class='ocrx_word' id='word_1_320' title='bbox 762 4260 803 4294; x_wconf 85' lang='lat' dir='ltr'>are</span> <span class='ocrx_word' id='word_1_321' title='bbox 815 4223 840 4294; x_wconf 81' lang='lat' dir='ltr'>iri</span> <span class='ocrx_word' id='word_1_322' title='bbox 852 4245 947 4296; x_wconf 79' lang='lat' dir='ltr'>abund</span> <span class='ocrx_word' id='word_1_323' title='bbox 959 4245 988 4296; x_wconf 84' lang='lat' dir='ltr'>os</span> <span class='ocrx_word' id='word_1_324' title='bbox 997 4245 1038 4296; x_wconf 86' lang='lat' dir='ltr'>the</span> <span class='ocrx_word' id='word_1_325' title='bbox 1051 4245 1164 4296; x_wconf 80' lang='lat' dir='ltr'>hiteerrth</span> <span class='ocrx_word' id='word_1_326' title='bbox 1176 4253 1288 4310; x_wconf 81' lang='lat' dir='ltr'>century.</span> 
     </span>
    </p>
   </div>
   <div class='ocr_carea' id='block_1_6' title="bbox 373 4311 1488 4472">
    <p class='ocr_par' dir='ltr' id='par_1_12' title="bbox 373 4311 1488 4472">
     <span class='ocr_line' id='line_1_38' title="bbox 383 4311 1488 4392; baseline 0.007 -20"><span class='ocrx_word' id='word_1_327' title='bbox 383 4311 386 4317; x_wconf 46' lang='lat'><em>¹</em></span> <span class='ocrx_word' id='word_1_328' title='bbox 418 4321 431 4353; x_wconf 77' lang='lat'>²</span> <span class='ocrx_word' id='word_1_329' title='bbox 447 4321 471 4372; x_wconf 84' lang='grc' dir='ltr'>Α</span> <span class='ocrx_word' id='word_1_330' title='bbox 487 4325 572 4390; x_wconf 90' lang='lat' dir='ltr'>priory</span> <span class='ocrx_word' id='word_1_331' title='bbox 583 4324 611 4374; x_wconf 84' lang='lat' dir='ltr'>oi</span> <span class='ocrx_word' id='word_1_332' title='bbox 626 4325 716 4375; x_wconf 79' lang='lat' dir='ltr'>Austin</span> <span class='ocrx_word' id='word_1_333' title='bbox 735 4327 837 4377; x_wconf 89' lang='lat' dir='ltr'>Currons</span> <span class='ocrx_word' id='word_1_334' title='bbox 853 4335 879 4378; x_wconf 81' lang='lat' dir='ltr'>at</span> <span class='ocrx_word' id='word_1_335' title='bbox 897 4327 1016 4392; x_wconf 87' lang='lat' dir='ltr'>Stoneley</span> <span class='ocrx_word' id='word_1_336' title='bbox 1031 4345 1092 4378; x_wconf 82' lang='lat' dir='ltr'>near</span> <span class='ocrx_word' id='word_1_337' title='bbox 1110 4327 1268 4390; x_wconf 84' lang='lat' dir='ltr'>Kimboltorr,</span> <span class='ocrx_word' id='word_1_338' title='bbox 1283 4329 1393 4390; x_wconf 80' lang='lat' dir='ltr'>founded</span> <span class='ocrx_word' id='word_1_339' title='bbox 1410 4329 1488 4380; x_wconf 72' lang='lat' dir='ltr'>about</span> 
     </span>
     <span class='ocr_line' id='line_1_39' title="bbox 373 4405 764 4472; baseline 0.005 -16"><span class='ocrx_word' id='word_1_340' title='bbox 373 4407 445 4457; x_wconf 77' lang='lat' dir='ltr'>nto.</span> <span class='ocrx_word' id='word_1_341' title='bbox 477 4405 764 4472; x_wconf 74' lang='lat' dir='ltr'>Morr.Augl.v1.476.</span> 
     </span>
    </p>
   </div>
   <div class='ocr_carea' id='block_1_7' title="bbox 0 0 1609 5070">
    <p class='ocr_par' dir='ltr' id='par_1_13' title="bbox 0 0 1609 5070">
     <span class='ocr_line' id='line_1_40' title="bbox 0 0 1609 5070; baseline 0 0"><span class='ocrx_word' id='word_1_342' title='bbox 0 0 1609 5070; x_wconf 95' lang='lat' dir='ltr'> </span> 
     </span>
    </p>
   </div>
  </div>
 </body>
</html>
