3192 5102
144 366 203 466 vr]
339 369 491 444 Release
518 379 552 444 lo
581 368 724 468 Corpus
752 369 903 444 Christi
928 369 1068 469 Collega
1183 375 1250 445 281

196 555 234 609 At
253 553 301 609 the
320 553 377 609 end
394 554 426 609 oi
441 553 497 610 this
515 553 591 610 boolr
610 553 658 610 tbe
676 553 820 625 following
836 555 910 611 deed
927 555 951 611 is
970 555 1133 638 enteredin
1150 573 1168 612 a
1185 557 1256 612 later

143 642 225 698 hand
237 663 243 698 :

200 748 344 805 Omnibus
363 749 468 806 Christi
487 748 619 805 fidelibus
640 749 679 806 ad
700 767 772 821 quos
792 766 910 822 presens
932 750 1068 823 scripturn
1090 749 1256 821 peruenerit
1273 763 1420 816 rojanorum

144 838 292 908 johannes
305 838 382 908 prior
394 839 486 894 sancti
502 837 597 909 Egidij
613 839 650 894 de
668 839 823 895 Bemewell
839 848 869 895 et
884 839 1012 896 eiusdem
1025 838 1079 894 loci
1094 840 1258 895 Conuentus

145 926 267 984 salutem
281 925 310 981 in
323 927 440 983 domino
452 927 662 997 sempiternam.

202 1015 229 1068 N
232 1015 347 1071 oueritis
359 1033 412 1072 nos
424 1015 566 1072 remisisse
576 1018 718 1073 relaxasse
730 1026 758 1072 et
771 1018 889 1074 omnino
897 1035 949 1088 pro
960 1017 1043 1072 nobis
1051 1026 1081 1074 et
1089 1015 1258 1072 successori-

145 1103 200 1158 bus
213 1103 317 1159 nostris
330 1103 537 1176 imperpetuum
549 1105 677 1175 quietum
689 1105 829 1160 clamasse
840 1104 964 1176 Johanni
980 1102 1110 1174 Botright
1122 1101 1258 1173 magistro

146 1190 250 1246 domus
263 1191 396 1263 Corporis
412 1192 497 1248 lhesu
517 1193 621 1248 Christi
639 1204 666 1249 et
681 1194 769 1250 Beate
783 1194 877 1249 Marie
888 1193 1014 1263 Virginis
1026 1192 1062 1248 de
1076 1191 1258 1261 Cantebrigia

145 1289 175 1334 et
199 1279 355 1335 scolaribus
375 1279 504 1336 eiusdem
523 1281 625 1337 domus
647 1290 676 1337 et
694 1297 791 1337 eorum
815 1282 1026 1337 successoribus
1051 1280 1256 1352 imperpetuum

145 1377 238 1423 totum
252 1366 295 1422 ius
307 1379 436 1424 nostrum
452 1379 481 1424 et
494 1369 561 1425 iuris
574 1370 714 1425 clameum
728 1370 805 1442 quod
818 1385 944 1441 unquam
956 1369 1094 1424 habemus
1107 1368 1258 1423 habuimus

146 1472 198 1511 seu
210 1455 399 1526 quouismodo
415 1456 521 1512 habere
537 1456 693 1527 poterimus
710 1456 740 1510 in
757 1456 881 1512 futurum
894 1457 930 1513 de
942 1467 970 1512 et
983 1457 1012 1510 in
1025 1457 1150 1527 quodam
1163 1473 1258 1511 annuo

147 1543 259 1600 redditu
284 1554 405 1615 quatuor
428 1561 587 1600 marcarum
612 1545 760 1601 annuatim
785 1545 1031 1617 percipiendarum
1061 1545 1097 1600 de
1121 1556 1150 1601 et
1174 1561 1259 1617 super

147 1632 281 1688 omnibus
305 1644 333 1689 et
358 1631 529 1688 omnimodis
554 1633 634 1688 terris
659 1643 687 1689 et
711 1633 881 1689 tenementis
906 1633 1061 1688 eorundem
1083 1631 1210 1703 magistri
1230 1641 1258 1688 et

149 1721 302 1776 scolarium
324 1721 397 1775 infra
422 1721 518 1776 uillam
544 1721 757 1792 cantebrigiam
775 1722 859 1777 simul
877 1739 942 1779 cum
961 1719 1092 1777 omnibus
1110 1719 1260 1791 arreragiis

147 1809 277 1866 eiusdem
301 1809 325 1864 si
351 1825 406 1881 que
436 1809 539 1865 luerint
564 1810 603 1864 ita
627 1809 704 1881 quod
732 1827 785 1866 nec
810 1827 862 1866 nos
893 1827 942 1866 seu
968 1826 1146 1866 successores
1170 1809 1258 1864 nostri

147 1895 264 1966 aliquod
281 1896 325 1951 ius
343 1895 456 1951 titulum
474 1895 542 1951 iuris
561 1896 703 1950 clameum
722 1911 771 1950 seu
790 1897 917 1954 debiturn
930 1897 967 1952 de
985 1905 1014 1952 et
1027 1895 1056 1950 in
1073 1895 1150 1951 dicto
1163 1913 1258 1952 annuo

147 1983 260 2040 redditu
284 1985 344 2040 siue
368 1984 517 2054 arreragiis
546 1984 675 2040 eiusdem
700 1984 737 2041 de
768 1995 862 2041 cetero
886 1985 997 2056 exigere
1021 1985 1173 2041 uendlcare
1197 1985 1258 2042 siue

147 2073 271 2128 clamare
288 2073 443 2142 poterimus
462 2071 491 2126 in
509 2072 633 2128 futurum
651 2071 703 2128 sed
719 2073 759 2127 ab
777 2073 856 2128 omni
873 2071 990 2128 accione
1009 2071 1069 2127 iure
1089 2071 1171 2128 titulo
1190 2072 1257 2128 iuris

147 2161 258 2214 clameo
282 2159 343 2215 siue
367 2159 464 2215 debito
488 2159 558 2214 dicti
582 2158 709 2214 redditus
734 2159 838 2216 exclusi
863 2160 953 2216 simus
977 2160 1185 2232 imperpetuum
1207 2177 1258 2232 per

144 2258 298 2320 presentes

204 2337 237 2391 ln
261 2336 341 2392 cuius
359 2336 399 2391 rei
418 2335 610 2391 testimonium
628 2335 752 2406 sigillum
765 2345 893 2390 nostrum
911 2351 1061 2392 commune
1080 2337 1257 2407 presentibus

147 2423 253 2496 apponi
271 2423 397 2479 fecimus.
435 2424 543 2477 Datum
562 2423 591 2477 in
610 2423 696 2479 domo
717 2434 817 2479 nostra
834 2424 982 2495 capitulari
1001 2424 1066 2496 .xij⁰.
1086 2425 1132 2481 die
1150 2426 1257 2482 mensis

147 2511 273 2584 Januarij
294 2514 379 2567 Anno
400 2511 479 2580 regni
506 2512 594 2580 Regis
621 2511 737 2567 Henrici
758 2511 828 2568 sexti
853 2523 918 2582 post
942 2523 1130 2586 conquestum
1153 2517 1256 2586 Anglie

147 2598 280 2671 .xxxviij.⁰
298 2599 344 2671 [12
362 2601 494 2670 January‚
518 2597 604 2671 1460}
