3192 5102
397 381 466 449 29²
745 361 783 434 T
776 370 908 436 enanis
934 361 975 434 in
1001 361 1166 435 Morden
1392 359 1499 459 [noos
1553 392 1559 467 3

461 550 628 617 Robertus
643 551 769 617 'l'orold
791 562 884 618 tenet
904 572 1008 617 vnum
1025 551 1235 634 mesuagium
1253 551 1355 614 iuxta
1368 550 1499 614 domum
1561 539 1563 604 l

395 664 552 733 nostram,
567 666 602 720 et
617 657 727 721 reddit
743 656 821 721 inde
836 678 896 740 per
911 677 1037 721 annum
1054 677 1116 720 sex
1132 657 1300 720 denarios

458 760 629 843 Johannes
645 761 740 826 West
756 771 849 826 tenet
864 761 1039 826 dimidiam
1057 763 1222 844 virgatam
1235 771 1335 836 terre,
1350 770 1387 823 et
1402 757 1501 822 reddit

394 865 472 930 inde
495 887 701 949 perannum
725 869 874 951 quinque
898 866 1025 931 solidos
1051 876 1087 930 et
1112 875 1257 949 quatuor
1282 865 1452 938 denarios
1475 873 1502 924 et

393 968 479 1032 duos
500 989 645 1054 capones
668 970 710 1035 ad
743 971 875 1048 Natale,
898 982 932 1034 et
958 971 1109 1035 inueniet
1131 989 1234 1032 vnam
1257 980 1430 1032 carectum
1453 985 1503 1049 per

394 1093 496 1137 vnum
519 1074 642 1138 diem
633 1095 664 1138 rn
689 1085 877 1159 autumpno
900 1077 986 1140 sicut
1009 1086 1043 1138 et
1066 1074 1132 1157 alij.
1561 1123 1563 1138 ,

461 1178 628 1244 Robertus
651 1179 806 1245 Tedbold
830 1189 922 1245 tenet
953 1179 1071 1244 decem
1093 1199 1188 1243 acras
1211 1187 1309 1254 terre,
1332 1188 1369 1242 et
1401 1176 1502 1240 reddit
1561 1147 1563 1250 l

394 1282 472 1346 inde
495 1304 555 1367 per
579 1303 705 1348 annum
728 1306 767 1348 .v.
794 1283 930 1360 solidos,
953 1295 987 1348 et
1018 1282 1104 1346 duos
1130 1302 1278 1366 capones
1303 1283 1347 1346 ad
1379 1281 1502 1350 Natat,
1561 1251 1563 1339 l

393 1396 429 1451 et
452 1387 598 1452 inueniet
621 1407 720 1452 vnam
744 1396 909 1453 carectam
934 1388 968 1452 in
992 1397 1180 1471 autumpno
1203 1409 1263 1472 per
1286 1407 1392 1451 vnum
1421 1387 1501 1451 dion

395 1493 481 1557 sicut
503 1501 536 1556 et
559 1491 624 1575 alij.

461 1597 629 1662 Robertus
651 1596 777 1662 Torold
801 1605 894 1662 tenet
920 1596 1070 1681 quinque
1096 1617 1190 1660 acras
1212 1605 1308 1672 terre,
1332 1603 1366 1658 et
1401 1594 1502 1659 reddit

395 1701 473 1766 inde
503 1722 563 1785 per
589 1721 715 1765 annum
740 1701 860 1784 .xxxij.
884 1700 1048 1779 denarios,
1074 1711 1109 1766 et
1136 1721 1239 1764 vnum
1270 1722 1439 1784 caponem
1466 1699 1501 1762 ad

396 1803 527 1882 Natale,
564 1815 598 1869 et
636 1806 782 1870 inueniet
819 1825 920 1870 vnam
958 1817 1123 1872 carectam
1162 1806 1195 1868 in
1226 1815 1422 1888 autumpno
1451 1825 1503 1889 per

394 1910 570 1974 dimidium
593 1909 683 1973 diem
707 1909 793 1974 sicut
815 1919 849 1974 et
872 1909 938 1993 alij.

463 2115 510 2178 14
557 2097 617 2162 lsti
638 2106 716 2161 sunt
735 2096 1019 2178 consuetudinarij
1043 2097 1077 2160 in
1101 2095 1219 2160 eadem
1242 2097 1320 2160 villa
1341 2095 1387 2160 de
1410 2095 1503 2160 feodo
1561 2041 1563 2082 l

395 2219 484 2284 Petri
500 2216 543 2283 de
558 2217 677 2284 Beche.

460 2373 614 2440 Andreas
638 2373 791 2456 Edwyne
820 2381 854 2437 et
885 2370 1073 2437 Willelmus
1105 2371 1258 2456 Edwyne
1287 2381 1408 2437 tenent
1438 2393 1502 2438 .xx.

394 2498 487 2544 acras
502 2488 589 2543 terre
603 2488 637 2544 et
661 2479 805 2543 reddunt
826 2478 904 2542 inde
925 2497 984 2561 per
1005 2497 1132 2542 annum
1153 2497 1196 2542 .x.
1218 2476 1354 2554 solidos,
1370 2487 1407 2542 et
1423 2479 1502 2542 duas

302 2590 319 2639 s.
336 2591 379 2655 165
393 2583 536 2667 gallinas
572 2584 615 2647 ad
655 2581 786 2660 Natale,
824 2592 858 2646 et
896 2581 1068 2646 inueniant
1106 2601 1209 2645 vnum
1249 2580 1425 2645 hominem
1464 2581 1500 2644 ad

394 2690 588 2754 metendum
604 2688 637 2751 in
662 2697 848 2771 autumpno
869 2685 912 2750 ad
933 2686 1044 2749 cibum
1066 2684 1194 2748 domini
1210 2705 1270 2768 per
1284 2705 1387 2748 vnum
1406 2685 1503 2756 diem.

393 2801 426 2858 et
441 2812 543 2857 vnum
560 2791 730 2855 hominem
746 2812 805 2876 per
820 2791 922 2855 alium
939 2790 1028 2853 diem
1046 2790 1117 2852 sine
1130 2788 1215 2863 cibo,
1230 2788 1281 2853 vel
1297 2789 1432 2854 dabunt
1447 2811 1501 2875 pm
1561 2869 1562 2886 χ

393 2897 524 2963 duobus
550 2896 742 2962 hominibus
772 2896 824 2977 iij.
857 2896 1011 2959 denarios
1035 2905 1070 2958 et
1094 2895 1241 2958 reddunt
1272 2915 1339 2957 .xx.
1367 2914 1437 2959 oua
1463 2895 1500 2958 ad
1561 2895 1563 2980 l

395 3002 530 3068 Pascha
1561 2991 1563 3056 l

459 3107 626 3172 Robertus
657 3105 689 3169 le
720 3105 907 3188 Plouwryte
931 3113 1024 3168 tenet
1048 3103 1197 3187 quinque
1227 3123 1321 3167 acras
1347 3112 1448 3180 terre,
1472 3115 1501 3168 et
1561 3057 1563 3196 l

393 3213 502 3278 reddit
517 3212 595 3276 inde
607 3231 666 3296 per
678 3231 801 3275 annum
818 3209 860 3293 ‚ij.
876 3210 1000 3274 solidos
1017 3218 1050 3274 et
1063 3209 1114 3291 ,vj.
1128 3206 1292 3286 denarios,
1302 3217 1337 3273 et
1351 3210 1501 3292 quolibet
1561 3207 1563 3282 l

392 3316 540 3380 secundo
562 3334 651 3378 anno
674 3332 774 3377 vnam
795 3311 956 3395 gallinam
977 3310 1021 3376 ad
1038 3311 1171 3388 Natale,
1193 3320 1227 3375 et
1247 3311 1400 3394 quolibet
1414 3333 1501 3377 anno
1561 3293 1563 3382 l

392 3423 539 3506 quinque
554 3440 619 3483 oua
635 3419 677 3482 ad
692 3416 828 3493 Pascha,
840 3426 874 3481 et
889 3436 992 3479 vnum
1009 3415 1179 3479 hominem
1195 3414 1239 3478 ad
1255 3417 1454 3480 metendum
1471 3419 1500 3479 in
1561 3383 1563 3474 l

392 3535 580 3609 autumpno
602 3543 661 3607 per
682 3541 785 3586 vnum
816 3521 907 3588 diem
938 3523 981 3584 ad
1005 3520 1117 3584 cibum
1149 3519 1277 3584 domini
1309 3520 1376 3605 [vel
1407 3521 1499 3586 dabit

394 3631 455 3714 .j.d.
471 3628 562 3713 ob.]1.
1561 3613 1563 3686 l

460 3734 624 3798 Katerina
641 3730 760 3794 Blauat
780 3723 1007 3793 tenet'decem
1024 3749 1118 3793 acras
1133 3739 1228 3806 terre,
1243 3739 1278 3793 et
1294 3731 1406 3796 reddit
1424 3733 1499 3796 inde

391 3857 592 3924 perannum
609 3835 756 3919 quinque
772 3832 897 3897 solidos
912 3841 947 3897 et
961 3852 1063 3896 vnam
1079 3831 1240 3915 gallinam
1257 3832 1301 3896 ad
1318 3832 1454 3910 Natale,
1469 3849 1500 3899 et

391 3948 507 4010 decem
531 3963 596 4006 oua
618 3940 662 4004 ad
687 3939 823 4014 Pascha,
839 3947 873 4003 et
895 3939 981 4001 duos
1003 3936 1156 4001 homines
1179 3938 1222 4001 ad
1247 3937 1444 4004 metendum
1468 3943 1497 4005 in

391 4062 577 4134 autumpno
599 4066 659 4129 per
680 4064 783 4109 vnum
807 4042 897 4107 diem
921 4041 987 4126 [vel
1011 4042 1106 4106 dabit
1129 4040 1252 4124 .iij.d.]¹.

761 4207 770 4240 ¹
787 4208 880 4261 Added
891 4207 917 4260 in
929 4223 945 4256 a
956 4207 1019 4256 luter
1030 4206 1107 4258 haud.
