3222 5086
164 351 229 452 111]
465 356 513 453 of
529 355 682 432 Burron
708 357 749 430 in
774 357 959 432 Kesteven
1204 379 1267 430 111

164 539 290 604 Natale
310 541 374 606 hoc
394 561 505 620 anno;
529 541 697 625 predictus
719 541 908 608 Willelmus
931 563 966 607 .c.
990 541 1114 606 solidos
1137 561 1223 625 quos
1243 542 1274 606 ei
1288 566 1381 610 semor

164 642 286 707 reddet
325 644 408 708 citra
446 643 566 708 festum
604 645 719 710 Sancti
757 645 895 710 Andree
932 648 1050 710 eodem
1083 665 1190 723 anno;
1226 629 1424 760 εῒῑὲἒῖἷέἱω

164 751 337 834 predictus
365 751 527 834 magister
553 752 700 836 quinque
725 772 854 816 marcas
880 772 964 835 quas
992 752 1022 815 ei
1048 752 1165 816 reddet
1192 752 1410 861 citrapneppd-to

166 853 290 917 Natale
306 855 424 918 eodem
442 875 551 932 anno;
575 864 609 918 et
630 855 693 918 nisi
716 853 854 919 fecerint
875 854 1064 918 concedunt
1082 853 1173 937 quod
1189 853 1275 917 vice·
1289 869 1331 911 ure
1343 868 1411 910 onor

163 977 278 1022 comes
295 957 394 1022 iaciat
407 959 449 1023 de
465 961 559 1023 terris
575 969 609 1023 et
625 981 686 1042 pro
702 960 764 1024 hac
781 969 842 1024 etc.
1289 919 1440 971 “mum

236 1064 320 1128 Item
348 1065 548 1149 Radulphus
575 1075 609 1130 et
642 1065 802 1130 Ascelina
833 1066 1031 1130 remiserunt
1061 1073 1095 1128 et
1125 1064 1277 1148 quietum

164 1165 395 1233 clamauerunt
422 1171 463 1234 de
488 1191 524 1233 se
548 1179 582 1234 et
604 1170 783 1234 heredibus
810 1169 913 1254 ipsius
941 1168 1100 1234 Asceline
1126 1169 1278 1251 predicto

166 1267 271 1332 Priori
298 1279 331 1333 et
354 1270 599 1334 successoribus
620 1271 687 1334 suis
711 1280 744 1334 et
765 1268 903 1334 ecclesie
928 1291 987 1334 sue
1011 1269 1054 1333 de
1077 1266 1278 1333 Bemewelle

165 1383 276 1438 toturn
293 1375 343 1438 ius
364 1383 425 1438 etc.
447 1377 538 1459 quod
560 1375 749 1440 habuerunt
773 1375 806 1439 in
827 1375 1054 1439 aduocacione
1073 1371 1212 1438 ecclesie
1234 1373 1278 1437 de

166 1479 317 1560 Byrtone
351 1500 428 1543 cum
467 1480 682 1563 pertinenciis
719 1479 752 1543 in
794 1488 994 1563 perpetuum
1031 1489 1093 1544 etc.
1154 1478 1276 1543 Coram

165 1581 320 1664 Johanne
335 1583 459 1647 abbate
470 1585 513 1647 de
530 1583 642 1666 Burgo
658 1583 765 1646 sancti
783 1583 882 1659 Petri,
896 1582 1031 1665 Rogero
1046 1584 1089 1646 de
1106 1581 1277 1662 Turkeby,

166 1692 201 1748 et
224 1684 322 1767 socijs
345 1686 414 1748 suis
444 1685 640 1767 Justiciariis
668 1685 903 1750 itinerantibus
934 1686 1023 1768 apud
1054 1684 1277 1760 Liucolniam,

166 1809 257 1851 anno
273 1788 364 1872 regni
383 1791 468 1872 regis
488 1789 625 1853 Henrici
649 1788 705 1871 filij
730 1791 816 1873 regis
838 1790 1001 1873 Johannis
1018 1787 1277 1872 quadragesimo

166 1913 287 1976 pnmo.

173 2095 218 2157 19.
263 2077 344 2140 Item
359 2077 518 2159 placitum
539 2076 578 2140 de
597 2077 806 2141 aduocacione
826 2077 962 2140 Ecclesie
980 2075 1020 2138 de
1038 2075 1180 2158 Byrtone
1194 2075 1280 2140 inter

254 2183 405 2247 Priorem
420 2182 460 2246 de
475 2182 669 2247 Bernewelle
676 2193 833 2266 petentem
845 2193 876 2246 et
885 2180 1063 2245 Robertum
1078 2182 1118 2244 de
1131 2179 1276 2245 Brakm-

255 2287 358 2352 berwe
370 2295 402 2349 et
419 2287 615 2369 magistrum
637 2286 822 2369 Radulfrrm
841 2286 879 2349 de
904 2285 1064 2367 Wyklram
1080 2285 1278 2368 defendentes

254 2411 340 2453 anno
355 2390 449 2472 regui
463 2389 549 2473 regis
563 2389 730 2454 Edwardi
743 2391 829 2454 ‚curt

222 2524 282 2579 Rex
294 2523 453 2578 vicecomiti
473 2524 619 2578 Lincolnie
636 2523 764 2578 salutem.
803 2523 833 2578 Si
849 2524 928 2578 Prior
944 2525 980 2580 de
995 2524 1166 2578 Bemewelle
1178 2522 1275 2579 fecerit
1290 2531 1357 2584 κίοι

492 2611 497 2623 .
1290 2582 1398 2626 Edwnrd
1409 2584 1429 2626 1.

167 2620 197 2665 te
215 2628 344 2666 securum
362 2611 397 2666 de
415 2613 519 2666 clamro
535 2629 587 2666 suo
605 2612 812 2682 prosequendo,
830 2622 896 2665 tunc
914 2627 1095 2666 summoneas
1115 2627 1166 2681 per
1183 2612 1275 2666 bonos
1288 2633 1365 2676 mr„

167 2701 386 2755 summonitores
399 2700 452 2770 .xij.
466 2701 572 2756 liberos
585 2700 715 2754 homines
727 2709 755 2755 et
769 2701 874 2769 legales
887 2700 923 2754 de
936 2701 1045 2754 visneto
1058 2701 1095 2755 de
1109 2700 1232 2768 Byrtone
1246 2698 1274 2752 in
1287 2682 1409 2776 ffifflssf

169 2787 331 2843 Kesteucne
344 2788 420 2859 quod
434 2787 490 2842 sint
503 2803 599 2842 coram
608 2786 777 2858 Justiciariis
790 2787 893 2842 nostris
903 2787 978 2858 apud
990 2787 1274 2842 Westmonasterium
1290 2783 1439 2844 ³5¹⁸²⁰tet

167 2893 185 2928 a
203 2877 249 2931 die
269 2876 377 2930 Pasche
397 2876 425 2930 in
444 2886 500 2931 tres
519 2875 693 2946 septimanas
712 2877 801 2946 parati
824 2873 919 2946 [super
938 2885 1145 2930 sacramentum
1165 2872 1274 2946 suum²]
1287 2845 1434 2936 tuffiaco

167 2980 370 3034 recognoscere
391 2963 454 3034 quis
473 2963 629 3017 aduocatos
651 2973 777 3032 tempore
799 2963 877 3032 pacis
899 2963 1072 3033 presentauit
1093 2963 1192 3017 ultimo
1212 2939 1420 3031 pm·{i³.'1,¹,1³⁸w

168 3069 268 3107 sonam
281 3069 336 3123 que
349 3063 459 3106 mortua
472 3062 514 3106 est
528 3051 727 3106 ad'ecclesiam
738 3051 774 3106 de
786 3053 909 3121 Byrtone
920 3053 948 3107 in
960 3053 1119 3106 Kesteucne
1127 3067 1182 3122 que
1191 3063 1274 3106 vacat
1288 3033 1388 3128 ff&
1396 3036 1439 3079 ²¹²⁰

167 3152 198 3195 ut
215 3141 325 3209 dicitur,
338 3151 366 3196 et
385 3140 464 3194 cuius
478 3140 699 3195 aduocacionem
713 3138 787 3196 id'em
804 3141 882 3196 Prior
900 3141 969 3196 dicit
985 3141 1023 3196 ad
1040 3159 1070 3196 se
1086 3141 1232 3212 pertinere,
1245 3150 1275 3196 et
1287 3135 1419 3228 *emim*

167 3229 279 3284 interim
299 3229 448 3285 ecclesiam
468 3227 544 3282 illam
566 3227 689 3298 videant,
706 3239 733 3284 et
752 3229 869 3284 nomina
886 3247 984 3286 eorum
1004 3227 1156 3285 inbreuiari
1177 3228 1366 3296 faciasabove

166 3329 195 3376 et
208 3334 389 3373 commoneas
398 3334 450 3387 per
458 3317 549 3372 bonos
558 3318 776 3374 summonitores
790 3320 946 3376 Robertum
956 3321 992 3375 de
1003 3319 1215 3388 Brakenberve‚
1226 3320 1274 3390 qui
1286 3287 1438 3390 (ww.

167 3405 390 3461 aduocacionem
403 3406 482 3459 illam
494 3403 520 3460 ei
534 3404 678 3472 deforciat,
691 3407 767 3476 quod
781 3415 847 3461 tunc
861 3407 897 3462 sit
909 3407 948 3462 ibi
961 3407 998 3462 ad
1012 3406 1183 3462 audiendam
1197 3407 1274 3462 illam
1287 3406 1304 3457 s.
1319 3423 1348 3471 4¹

168 3494 393 3564 recognicionem
406 3505 434 3548 et
448 3493 555 3548 habeas
568 3493 606 3547 ibi
620 3493 839 3550 summonitores
852 3505 880 3550 et
893 3495 947 3551 hoc
959 3496 1053 3551 breue.
1090 3496 1176 3550 Teste
1190 3509 1241 3551 etc.

223 3581 442 3637 Memorandum
455 3582 532 3652 quod
547 3582 688 3637 Henricus
701 3582 737 3638 de
756 3583 860 3637 Holme
873 3582 991 3638 clericus
1005 3582 1110 3638 Prioris
1123 3584 1160 3638 de
1173 3584 1276 3640 Beme-

168 3670 246 3725 welle
259 3669 388 3724 iiberauit
402 3670 526 3722 Roberto
543 3669 579 3723 de
598 3669 783 3726 Chadebeme
795 3670 955 3726 vicecomiti
974 3670 1118 3726 Lincolnie
1131 3671 1276 3742 quoddam

168 3759 254 3813 breue
273 3756 380 3812 domini
399 3757 474 3827 regis
492 3757 589 3812 vltime
606 3757 829 3828 presentationis
850 3758 886 3813 de
905 3759 1026 3814 ecclesia
1044 3757 1081 3813 de
1104 3760 1228 3828 Byrtone
1246 3759 1275 3814 in

170 3845 330 3901 Kesteucne
343 3843 415 3898 inter
424 3843 582 3916 predictum
597 3844 722 3900 Priorem
735 3845 771 3900 de
786 3846 956 3902 Bemevrelle
969 3855 1113 3916 petentem
1126 3854 1153 3900 et
1168 3847 1274 3903 Rober·

168 3943 228 3988 tum
247 3933 283 3988 de
304 3932 510 3988 Brakenberwe
528 3931 733 3989 deforciantem
750 3934 797 3989 die
815 3933 926 3989 veneris
943 3933 1070 4004 proxima
1087 3943 1153 3990 ante
1170 3936 1272 3992 festum

169 4022 265 4077 Sancti
281 4020 390 4077 Mathei
406 4021 594 4090 Euangeliste
610 4023 686 4094 apud
704 4021 814 4077 Biler'ud
832 4023 909 4076 iuxta
922 4021 1006 4076 Corbi
1019 4038 1096 4077 anno
1107 4022 1185 4093 regui
1199 4022 1273 4094 regis
1286 4039 1303 4082 s
1362 4039 1438 4091 moer.

170 4111 302 4166 Edwardi
321 4109 395 4178 .xvj⁰.
414 4120 442 4163 et
459 4119 501 4163 est
521 4108 582 4163 dies
602 4109 632 4163 in
651 4110 747 4165 Banco
766 4111 795 4164 in
816 4111 939 4164 crastino
961 4111 1145 4166 Ascensionis
1165 4111 1273 4167 domini
1337 4118 1343 4130 “

169 4197 295 4270 proximo
319 4207 461 4268 sequente.
513 4197 547 4250 In
576 4197 655 4252 cuius
684 4196 723 4251 rei
748 4195 942 4252 testimonium
966 4197 1032 4253 huic
1060 4197 1126 4252 bille
1150 4198 1273 4269 sigillum

169 4287 342 4343 vicecomitis
361 4295 404 4341 est
421 4301 586 4358 appensum.

332 4398 341 4431 ¹
358 4400 434 4466 quod,
448 4400 503 4452 MS.
878 4399 888 4432 ²
904 4401 1036 4462 scaccario,
1051 4400 1107 4452 MS.
