3144 5070
498 1100 537 1180 3.
597 1073 807 1158 TABLE
847 1073 930 1157 OF
970 1071 1322 1156 CONTENTS.

419 1331 481 1396 Per
496 1327 595 1395 istam
612 1327 763 1395 tabulam
780 1327 904 1414 poterit
918 1325 1062 1411 diligens
1074 1325 1179 1392 lector
1190 1325 1339 1390 inuenire
1350 1343 1469 1389 omnes

352 1455 448 1498 casus
479 1444 513 1500 et
544 1432 793 1518 materiasque
821 1431 853 1497 in
881 1431 946 1498 hoc
972 1429 1143 1497 volumine
1168 1429 1384 1496 continentur
1408 1447 1471 1513 per

352 1538 498 1604 rubricas
529 1537 677 1622 singulas
708 1537 867 1602 librorum
898 1535 1116 1622 singulorum.
1162 1535 1285 1602 Lector
1315 1533 1415 1620 igitur
1441 1533 1469 1598 si

352 1643 502 1709 inueniat
516 1641 608 1726 quod
629 1640 692 1707 sibi
715 1639 826 1728 placet
841 1651 876 1707 et
891 1639 1032 1726 expedit
1048 1640 1163 1706 laudet
1177 1639 1363 1706 dominum.
1407 1635 1469 1704 Sin

352 1755 465 1813 autem
487 1747 572 1812 tanti
595 1745 718 1812 laboris
738 1747 891 1831 operario
911 1766 979 1812 non
999 1745 1163 1824 detrahat,
1178 1743 1339 1830 quoniam
1353 1741 1471 1808 omnia

352 1871 417 1935 que
444 1849 581 1915 inferius
604 1850 729 1934 scripta
754 1860 834 1916 sunt
858 1850 901 1916 ad
929 1850 1117 1917 doctrinam
1141 1859 1175 1915 et
1199 1845 1469 1914 consolacionem

354 1957 492 2023 fratrum
517 1955 702 2022 futurorum
724 1955 848 2042 scripta
869 1967 956 2022 sunt.
1003 1953 1073 2020 Ubi
1097 1955 1199 2038 igitur
1221 1953 1326 2019 lector
1347 1952 1381 2016 in
1405 1949 1470 2014 hoc

353 2079 454 2144 opere
470 2058 635 2124 inuenerit
650 2056 819 2126 desectum
836 2060 927 2143 quod
939 2059 1036 2125 deest
1046 2056 1204 2143 suppleat
1218 2066 1253 2122 et
1267 2053 1469 2122 scribentem

351 2183 420 2230 non
436 2161 608 2230 diiudicet.

572 2347 778 2414 lucremur
802 2347 975 2415 Rusruca
998 2361 1106 2414 emur
1131 2344 1256 2413 arsur.

393 2495 542 2621 llPrologus
554 2494 582 2552 in
596 2495 698 2551 librum
711 2497 961 2554 memorandorum
974 2493 1093 2552 ecclesie
1105 2493 1301 2552 conuentualis
1313 2493 1349 2548 de
1363 2493 1470 2548 tiarne-

352 2585 393 2622 we
414 2585 438 2623 e.

374 2679 394 2718 1.
433 2665 510 2719 Vera
528 2661 658 2718 narracio
672 2663 709 2719 de
727 2663 821 2734 prima
837 2664 1008 2719 fundacione
1025 2661 1227 2719 canonicorum
1244 2661 1281 2717 de
1297 2659 1471 2716 Barneveelle

493 2735 571 2790 etde
586 2733 684 2790 Picoto
697 2733 873 2790 vicecomite
884 2734 933 2805 qui
947 2733 998 2791 luit
1012 2734 1122 2804 primus
1134 2751 1233 2790 eorum
1245 2732 1385 2788 fundator.

372 2821 395 2860 2.
435 2806 480 2860 De
495 2806 641 2875 Hugolina
653 2822 739 2862 uxore
753 2805 851 2876 Pycoti
865 2804 1046 2861 vicecomitis

371 2891 394 2946 3.
433 2877 479 2930 De
491 2875 650 2946 egritudine
662 2886 691 2932 et
703 2887 771 2931 voto
783 2875 872 2948 ipsius
887 2875 1038 2945 Hugoline.

369 2963 394 3014 4.
434 2948 478 3003 De
498 2964 583 3018 opere
603 2946 724 3003 ecclesie
745 2958 774 3002 et
792 2945 975 3004 institucione
996 2949 1198 3003 canonicorum
1208 2946 1390 3020 ,regularium
1415 2947 1469 3001 sub

495 3017 625 3073 Gallrido
642 3017 743 3089 priore.

372 3105 395 3158 5.
433 3089 520 3144 Carta
533 3088 631 3158 Pycoti
645 3087 820 3145 vicecomitis
853 3105 919 3145 uam
932 3089 998 3145 fecit
1010 3090 1157 3148 canonicis
1169 3089 1236 3144 suis

370 3161 395 3214 6.
436 3161 479 3215 De
491 3169 583 3214 morte
597 3159 695 3230 Pycoti
708 3169 737 3214 et
751 3108 902 3231 Hugoiine

369 3243 395 3298 7.
434 3232 480 3286 De
494 3230 619 3286 Roberto
632 3231 690 3286 tilio
704 3231 812 3300 Pycoti.

370 3304 394 3356 8.
434 3303 479 3357 De
494 3303 610 3372 Pagano
624 3301 747 3359 Peuerel.

367 3389 393 3441 9.
432 3375 477 3427 De
489 3372 552 3428 ioco
564 3373 600 3428 de
615 3373 793 3428 Barnewelle.

357 3459 396 3497 ιο.
434 3445 479 3498 De
495 3442 646 3499 dilectione
664 3443 770 3513 Pagani
789 3445 904 3500 Peuerel
918 3463 1005 3516 quam
1017 3445 1118 3499 habuit
1131 3443 1206 3515 apud
1221 3443 1381 3499 Canonicos
1394 3463 1471 3500 suos.

357 3529 396 3569 rr.
433 3515 561 3584 Qualiter
575 3515 706 3584 Paganus
719 3515 828 3570 dotauit
842 3517 1004 3572 Canonicos
1017 3534 1092 3572 suos.

357 3599 395 3640 12.
435 3585 479 3641 De
492 3585 578 3640 cartis
590 3597 619 3640 et
631 3585 909 3642 confirmacionibus.

356 3671 366 3710 r
372 3671 396 3724 3.
434 3657 521 3710 Carta
553 3655 648 3711 loriosi
661 3657 736 3726 regis
750 3657 867 3712 Henrici
884 3657 979 3713 Primi.

358 3741 395 3794 ¹4·
434 3728 520 3782 Carta
532 3673 641 3809 domini
654 3727 776 3796 Remigii
794 3727 1000 3784 Lincolniensis
1015 3727 1158 3799 Episcopi.

357 3811 394 3868 15.
433 3799 521 3853 Carta
533 3798 642 3853 domun
657 3798 765 3854 Heruei
780 3797 912 3868 Elycnsis
925 3799 1060 3871 Episcopi
1076 3800 1169 3855 Primi.

356 3867 396 3924 16.
434 3871 521 3924 Carta
533 3868 641 3923 domini
657 3869 762 3938 Nigelli
776 3871 909 3938 Elyensis
922 3871 1067 3942 Episcopi.

355 3953 396 4006 17.
435 3941 521 3996 Carta
532 3939 692 3996 Theobaldi
707 3941 921 3996 cantuariensis
936 3939 1111 4012 [something
1128 3939 1241 4012 erased]
1253 3941 1472 4016 archicpiscopi.

356 4011 395 4065 18.
436 4013 480 4064 De
499 4010 688 4135 tralrlrslacione
708 4011 916 4068 Canonicorum
936 4013 973 4068 de
993 4012 1176 4082 Cantebrigia
1194 4029 1283 4083 usque
1304 4013 1341 4068 ad
1365 4015 1473 4071 Barne-

496 4099 537 4136 we
558 4099 581 4137 e.

357 4166 396 4222 19.
435 4153 480 4206 De
497 4162 589 4207 morte
606 4151 725 4208 Galsridi
745 4153 899 4219 Priorisset
911 4153 948 4212 de
962 4153 1100 4227 Reliquiis
1113 4171 1184 4225 quas
1204 4155 1336 4226 Paganus
1354 4156 1477 4215 Peuerel

496 4223 575 4278 dedit
594 4223 755 4279 Canonicis.

385 4345 412 4480 ΙΙ
430 4345 486 4398 The
504 4345 626 4413 headings
642 4353 670 4400 to
686 4347 729 4400 tbe
745 4347 864 4416 chapters
880 4349 946 4402 have
963 4349 1028 4402 been
1047 4348 1186 4402 numbered
1204 4349 1242 4401 ior
1261 4349 1432 4406 convenience
1451 4357 1485 4407 ot

356 4445 383 4480 re
393 4445 492 4481 erenoe.
