3212 5064
330 375 377 444 42
634 355 761 430 Grani
785 356 829 454 by
854 357 957 430 Pain
980 357 1146 431 Peuerelx
1318 353 1438 454 [BOOK

330 550 363 604 et
380 541 570 607 ludencium
593 563 665 608 mos
685 544 823 609 inoleuit
845 554 881 608 ut
903 545 937 608 in
959 545 1077 608 eodem
1094 544 1149 608 die
1165 543 1231 607 illic
1246 541 1439 619 conueniret

330 647 526 726 negociandi
543 648 656 730 gracia
671 647 769 712 turba
785 648 1005 712 uendencium
1023 658 1057 711 et
1072 648 1267 712 emencium.

166 747 288 840 ξζᾞζῇξ·
399 749 436 812 ln
464 750 528 814 hoc
555 753 661 815 eciam
689 751 764 815 loco
791 751 928 833 quidam
960 750 1063 814 homo
1095 771 1216 834 magne
1242 749 1439 825 sanctitatis,

165 847 266 941 lgm
331 847 509 916 Godesone
525 855 669 931 nomine,
684 855 873 918 conuersari
892 861 1120 928 consueuerat,
1136 853 1317 917 solitariam
1335 855 1438 917 uitam

166 955 295 1042 lm„
330 957 454 1020 ducens
481 967 515 1022 et
540 959 717 1041 paruulum
744 959 925 1022 oratorium
958 959 1105 1041 ligneum
1138 959 1170 1021 in
1198 959 1323 1022 honore
1350 957 1438 1022 beati

137 1141 139 1144 ι
165 1049 289 1142 ξῗξψη
331 1059 467 1125 Andree
498 1062 655 1145 Apostoli
687 1075 914 1128 constructum
946 1064 1081 1140 habens,
1107 1065 1164 1147 qui
1192 1083 1309 1147 parum
1340 1073 1439 1127 antea

330 1165 507 1230 defunctus
528 1167 637 1231 locum
660 1169 731 1232 sine
752 1169 941 1234 habitatore
961 1179 995 1232 et
1016 1169 1197 1231 oratorium
1213 1169 1285 1232 sine
1300 1169 1439 1233 custode

329 1269 510 1336 dimiserat.

435 1470 481 1517 10.
526 1453 580 1517 De
600 1455 764 1520 dilectione
786 1455 923 1540 Pagani
943 1454 1079 1520 Peuerel
1097 1475 1196 1538 quam
1218 1451 1336 1518 habuit

712 1559 761 1622 ad
778 1560 945 1624 canonz'cos
965 1581 1048 1624 suos.

165 1713 315 1806 §effl‘ffl
396 1712 569 1776 Predictus
596 1733 675 1777 uero
707 1715 862 1798 Paganus
888 1717 995 1781 sancti
1027 1717 1171 1779 nominis
1202 1715 1255 1779 dei
1282 1715 1436 1779 timorem

164 1814 285 1906 &power
329 1815 452 1896 pariter
476 1815 602 1880 habens
627 1826 661 1881 et
685 1837 843 1894 amorem,
868 1819 987 1883 uidens
1013 1819 1191 1882 canonicos
1219 1838 1296 1881 suos
1322 1817 1355 1880 in
1383 1818 1437 1881 dei

164 1913 270 1958 ΝΟΜ
328 1918 482 1982 laudibus
512 1919 567 1984 die
597 1931 765 2004 noctuque
796 1922 1020 2004 persistentes,
1050 1922 1192 1986 deuotos
1223 1931 1256 1985 et
1286 1921 1437 1996 humiles,

251 2025 498 2093 immodestos
528 2035 562 2088 et
593 2025 760 2107 pacificos,
790 2027 917 2090 honore
946 2047 983 2091 se
1017 2028 1160 2090 inuicem
1196 2027 1438 2109 preuenientes,

329 2127 430 2190 Priori
454 2150 514 2192 suo
539 2127 886 2213 Gallrido'tamquam
909 2131 974 2195 deo
998 2133 1031 2195 in
1054 2131 1211 2194 omnibus
1234 2131 1437 2207 obedientes,

326 2233 368 2295 ad
392 2252 507 2297 eorum
529 2233 731 2298 ditacionem
753 2235 908 2299 ardenter
926 2234 1114 2312 anhelabat,
1130 2245 1164 2298 et
1188 2245 1315 2299 cartam
1339 2255 1435 2298 suam

325 2337 435 2420 sigillo
450 2358 511 2401 suo
527 2339 703 2421 signatam,
720 2341 928 2422 presentibus
951 2339 1064 2404 multis
1080 2340 1222 2404 testibus
1239 2341 1320 2424 ipsis
1336 2360 1435 2404 cano·
1492 2341 1496 2346 ’

327 2444 408 2507 uicis
425 2443 623 2527 porrigebat.
670 2443 772 2508 Cuius
788 2453 884 2508 tenor
900 2443 976 2508 talis
992 2453 1050 2508 est.

453 2665 499 2712 11.
547 2647 699 2728 Qualiter
719 2650 880 2734 Paganus
902 2651 1029 2716 dotauit
1050 2653 1215 2717 canonicos
1236 2673 1317 2716 suos.

164 2825 231 2868 now
251 2825 312 2868 earn
380 2809 512 2878 Paganus
533 2810 648 2864 Peuerel
667 2810 799 2866 omnibus
818 2811 980 2867 hominibus
999 2821 1026 2868 et
1046 2812 1146 2868 amicis
1167 2812 1271 2868 francis
1294 2823 1322 2868 et
1343 2813 1434 2883 anglis

163 2875 299 2967 ξξζξζζξω
325 2905 383 2950 tam
404 2896 580 2966 presentibus
598 2913 685 2968 quam
703 2897 803 2952 futuris
823 2899 950 2954 salutem.

162 2975 311 3068 lffimm
379 2983 482 3038 Sciatis
504 3002 549 3039 me
571 2984 684 3040 dedisse
706 2996 734 3039 et
755 2987 930 3042 concessisse
948 2999 977 3042 et
995 2988 1049 3042 hae
1069 3005 1135 3044 mea
1155 2999 1234 3044 carta
1252 2987 1434 3044 confirmasse

162 3076 264 3118 enuow-
327 3072 478 3127 Canonicis
491 3074 562 3128 meis
575 3073 611 3128 de
625 3072 807 3144 Cantebrigia
823 3093 874 3147 pro
888 3091 984 3131 amore
998 3077 1044 3130 dei
1057 3086 1085 3131 et
1097 3093 1148 3147 pro
1162 3077 1251 3130 salute
1265 3074 1359 3130 anime
1372 3093 1434 3132 mee

162 3131 312 3227 iiiiii*
326 3175 425 3215 omnes
447 3161 581 3217 ecclesias
604 3173 630 3216 et
653 3179 752 3216 omnes
774 3161 899 3241 decimas
922 3163 950 3218 in
972 3163 1199 3232 Cantebrigesire
1218 3179 1289 3234 quas
1312 3163 1434 3232 Pycotus

162 3225 265 3328 ffifd
279 3227 313 3278 by
326 3245 483 3303 vicecomes
500 3249 608 3304 eisdem
627 3249 779 3304 Canonicis
796 3249 874 3305 dedit
891 3251 1032 3306 concessit
1045 3261 1073 3306 et
1086 3267 1137 3306 sua
1150 3260 1228 3305 carta
1241 3249 1433 3305 confirmauit:

325 3333 431 3391 scilicet
455 3338 604 3392 ecclesiam
630 3336 720 3392 sancti
748 3337 842 3407 Egidij
868 3337 904 3392 de
930 3339 1113 3409 Cantebrigia
1136 3339 1184 3394 ubi
1209 3339 1311 3393 domus
1336 3355 1432 3393 eorum

325 3425 443 3478 lundata
460 3435 513 3492 est,
533 3425 693 3480 Ecclesiam
712 3427 747 3480 de
771 3427 910 3481 Mordone
933 3443 997 3481 cum
1021 3427 1138 3496 Capella
1160 3427 1195 3481 de
1218 3427 1356 3494 Redreya,
1379 3427 1432 3481 Ec·

325 3512 438 3567 clesiam
456 3513 492 3567 de
509 3513 679 3582 Thadelaus‚
694 3515 853 3569 Ecclesiam
871 3516 907 3569 de
926 3516 1040 3570 Brunne
1058 3531 1122 3570 cum
1141 3515 1257 3585 Capella
1274 3515 1387 3570 castelli
1405 3524 1433 3570 et

324 3617 389 3655 cum
409 3601 524 3672 Capella
544 3601 580 3654 de
600 3602 761 3668 Caldecote,
775 3602 934 3658 Ecclesiam
951 3603 987 3658 de
1008 3602 1205 3671 Combertone‚
1221 3603 1379 3657 Ecclesiam
1396 3603 1432 3658 de

326 3689 501 3759 Maddingle,
522 3690 681 3744 Ecclesiam
702 3691 738 3745 de
761 3691 908 3758 Ramtone,
929 3689 1075 3745 Ecclesias
1097 3691 1132 3744 de
1155 3691 1325 3746 Harlestone
1347 3701 1375 3744 et
1396 3691 1432 3744 de

326 3777 488 3842 Henxtone,
501 3777 648 3832 habendas
665 3788 693 3832 et
710 3773 854 3833 tenendas
864 3779 952 3834 libere
968 3788 997 3833 et
1009 3779 1103 3850 quiete
1115 3779 1270 3834 honorilice
1283 3791 1311 3833 et
1325 3779 1432 3846 integre

325 3864 353 3918 in
373 3864 453 3919 terris
472 3865 501 3918 in
521 3863 610 3934 pratis
630 3875 657 3919 et
676 3865 799 3936 pasturis
815 3877 844 3921 et
860 3883 924 3921 cum
941 3865 1059 3922 decimis
1076 3867 1302 3921 molendinorum
1322 3877 1432 3921 etcum

324 3952 457 4006 omnibus
466 3951 529 4022 alijs
539 3950 718 4021 pertinenciis
731 3952 760 4007 in
773 3951 847 4008 uillis
857 3962 885 4008 et
897 3963 974 4008 extra
984 3953 1066 4008 uillas
1078 3963 1106 4009 et
1119 3953 1148 4008 in
1161 3953 1278 4009 liberam
1291 3962 1320 4009 et
1332 3969 1431 4024 puram

324 4051 352 4094 et
365 4049 529 4110 perpetuam
541 4039 735 4096 elemosinam.

379 4129 514 4184 Concessi
533 4127 661 4183 similiter
679 4128 820 4184 iamdictis
840 4128 992 4185 Canonicis
1009 4129 1081 4184 duas
1097 4139 1192 4200 partes
1205 4129 1379 4184 decimarum
1396 4129 1432 4184 de

324 4217 457 4272 omnibus
482 4215 615 4287 dominiJs
637 4217 764 4271 omnium
784 4217 906 4272 militum
927 4234 1056 4272 meorum
1076 4218 1105 4273 in
1125 4217 1359 4287 cantebrigesire,
1379 4217 1431 4271 sci·

324 4306 388 4362 licet
398 4306 435 4359 de
446 4304 623 4373 landbeche,
632 4305 668 4359 de
676 4305 872 4374 Waterbechc‚
882 4306 918 4360 de
929 4306 1034 4375 Queye,
1043 4306 1079 4361 de
1089 4307 1190 4373 Stowe,
1198 4305 1234 4359 de
1247 4305 1431 4372 Middeltone,

324 4393 360 4448 de
375 4395 530 4464 lmpetone,
543 4394 578 4449 de
597 4395 736 4463 Hystone,
749 4394 785 4449 de
803 4395 947 4464 Grettone‚
961 4393 996 4448 de
1015 4393 1168 4462 Hokitoue,
1182 4393 1218 4448 de
1232 4393 1382 4462 hamtone,
1395 4394 1431 4449 de
