3192 5102
342 378 415 450 270
617 358 812 432 Hundred
833 359 883 454 of
898 358 1175 433 Normausross
1329 358 1451 457 [Βοοκ

338 545 426 608 villis
449 555 541 610 tenet
560 545 590 628 J.
610 547 654 610 de
675 545 819 611 Grauele
843 547 978 610 feodum
1001 545 1067 628 .iiij.
1091 547 1195 628 partis
1215 545 1246 628 .j.
1268 545 1387 610 militis
1408 544 1452 608 de

338 648 438 713 feodo
454 648 615 713 Bullonic
647 650 734 714 Item
748 649 810 734 [in]
823 649 949 714 eisdem
963 649 1049 714 villis
1061 649 1280 715 Theobaldus
1295 651 1340 714 dc
1352 649 1451 732 Leky

338 763 431 818 tenet
454 753 589 819 feodum
611 765 731 839 quarte
753 755 859 840 partis
881 755 911 836 .j.
935 755 1050 819 militis
1073 755 1115 819 de
1138 754 1238 819 feodo
1261 755 1426 822 Bullonic

222 883 237 933 s,
257 886 325 950 ¹54¹>
405 855 582 922 Cestretone
596 857 836 942 [Chesterton].
872 857 903 921 N
907 856 1026 940 igellus
1042 857 1085 922 de
1100 857 1342 923 Amandeuille
1356 867 1450 951 tenct

338 961 473 1026 feodum
490 962 518 1044 .j.
535 961 651 1026 militis
666 962 709 1026 de
726 961 825 1028 feodo
838 962 1000 1026 Bulionic
1049 962 1088 1027 In
1100 962 1221 1028 eadem
1236 964 1390 1046 Rogerus
1405 962 1447 1025 de

338 1067 498 1134 Canteleu
515 1079 550 1132 et
567 1069 734 1133 Henricus
749 1070 793 1133 de
809 1067 1000 1132 waldeseld
1021 1077 1139 1132 tenent
1159 1067 1296 1132 feodum
1316 1067 1446 1132 dimidii

340 1276 434 1342 Idem
453 1277 605 1360 Rogerus
620 1287 654 1343 et
672 1278 839 1343 Henricus
855 1279 981 1342 debent
995 1277 1024 1360 .j.
1040 1287 1177 1343 sectam.

402 1381 588 1447 Alwaltone
613 1383 823 1468 [Alwalton].
868 1383 1000 1447 Flirton
1032 1383 1206 1467 [FlettonJ.
1253 1381 1374 1446 Abbas
1403 1380 1446 1445 de

338 1486 450 1570 Burgo
472 1495 564 1552 tenet
587 1489 738 1552 maneria
761 1489 794 1551 in
817 1487 1009 1554 elemosina

402 1589 562 1654 Euertone
606 1590 738 1655 Wauter
773 1591 896 1675 [Orton
936 1591 1153 1675 WaterviHe].
1207 1589 1367 1654 Warinus
1404 1589 1446 1652 dc

335 1693 474 1759 Vernun
500 1704 593 1759 tenet
616 1693 751 1759 feodum
777 1696 908 1759 dimidii
939 1696 1053 1760 militis
1081 1694 1181 1759 simul
1207 1715 1284 1759 cum
1311 1692 1446 1776 Nigeiio

336 1800 379 1864 de
391 1799 636 1864 Amandeuille.
678 1799 722 1862 Et
738 1811 816 1864 sunt
832 1801 877 1864 ibi
893 1823 932 1866 .v.
944 1800 1023 1865 hide
1034 1799 1276 1882 geldabiles,ct
1289 1797 1446 1862 Warinus

336 1903 437 1968 debet
453 1923 553 1966 vnam
570 1914 705 1968 sectam.

402 2007 563 2072 Euertone
598 2006 790 2090 LungsuilL
825 2006 948 2090 [Orton
989 2005 1232 2090 Longueville}
1279 2007 1446 2070 Henricus

339 2111 516 2194 Longuille
542 2122 634 2176 tenet
665 2111 800 2176 feodum
827 2113 857 2195 .j.
886 2113 1000 2176 militis
1026 2113 1069 2176 de
1097 2111 1198 2175 feodo
1226 2110 1386 2185 Luuet0t‚
1412 2119 1447 2173 et

337 2226 430 2281 tenet
453 2238 490 2281 .v.
513 2217 609 2280 hidas
634 2216 820 2299 geldabiles
846 2227 880 2282 et
903 2217 1005 2281 debet
1028 2216 1056 2298 .j.
1080 2227 1215 2281 sectam.

401 2320 612 2402 Botulfbrige
627 2320 789 2405 [Botulph
813 2320 958 2404 Bridge].
1005 2319 1214 2403 Reginaldus
1235 2321 1279 2384 de
1296 2319 1445 2384 Heddon

336 2435 449 2490 custos
474 2426 605 2490 heredis
628 2425 789 2489 Willeimi
816 2424 859 2489 de
886 2425 1013 2508 Ginges
1038 2437 1132 2490 tenet
1155 2425 1195 2508 .ij.
1220 2433 1332 2509 partes
1356 2424 1445 2489 feodi

336 2531 364 2613 .j.
382 2530 496 2594 militis
512 2531 555 2594 de
570 2530 708 2594 domino
726 2531 829 2613 Rege.
875 2531 922 2594 Et
936 2539 1015 2595 sunt
1031 2531 1076 2595 ibi
1092 2552 1131 2596 .v.
1147 2532 1226 2596 hide
1241 2530 1434 2614 geldabiles.

410 2631 631 2718 W[od]estone
651 2633 898 2717 [Woodstone].
944 2635 1062 2699 Abbas
1085 2635 1129 2699 de
1149 2635 1330 2717 Thomeya
1352 2645 1445 2698 tenet

337 2741 521 2805 manerium
549 2741 582 2801 in
614 2739 717 2803 libera
746 2740 937 2803 elemosina„
984 2741 1030 2805 Et
1059 2740 1159 2804 Eudo
1188 2742 1232 2804 de
1262 2740 1381 2804 eadem
1411 2749 1445 2803 et

337 2845 514 2927 participes
538 2843 588 2906 sui
612 2841 737 2906 debent
759 2863 860 2906 vnam
884 2853 1020 2907 sectam.

402 2947 543 3011 Solitone
558 2944 720 3030 [Stilton].
767 2946 878 3010 Alicia
896 2947 939 3011 de
956 2948 1174 3012 Amandeuill
1195 2956 1287 3011 tenet
1310 2945 1444 3010 feodum

335 3052 465 3115 dimidii
490 3050 603 3114 militis
626 3061 769 3132 excepta
793 3059 875 3114 Μ’.
899 3061 1003 3134 parte,
1026 3060 1060 3114 et
1083 3050 1184 3114 debet
1208 3050 1237 3132 .j.
1261 3061 1387 3114 sectam
1411 3059 1444 3113 et

334 3165 427 3220 tenet
449 3156 503 3238 .iij.
526 3155 623 3219 hidas
646 3153 840 3236 geldabiles.
885 3155 1036 3219 Thomas
1058 3155 1101 3218 de
1129 3154 1255 3219 Stilton
1283 3165 1318 3217 et
1342 3155 1443 3237 parti-

334 3261 425 3344 cipes
440 3261 490 3324 sui
507 3268 624 3325 tenent
640 3259 775 3323 feodum
793 3260 822 3342 .j.
839 3261 954 3324 militis
970 3263 1013 3324 de
1027 3262 1187 3343 episcopo
1208 3259 1444 3324 Lincolniensi.

403 3363 602 3447 Stangmna'
613 3362 885 3447 [Standground]
921 3414 928 3428 .
976 3364 1094 3428 Abbas
1104 3362 1147 3426 de
1159 3363 1339 3446 Thorneya
1352 3371 1444 3426 tenet

400 3466 606 3532 Faresluued
617 3466 765 3550 [Farcet]
926 3469 1017 3532 dicta
1034 3469 1181 3532 maneria
1201 3469 1234 3530 in
1255 3467 1359 3531 libera
1378 3467 1442 3530 ele·

395 3571 524 3657 sakelle
537 3571 702 3655 [Yaxley]
928 3572 1065 3635 mosina.
1143 3571 1182 3634 In
1248 3570 1441 3653 stangrund

400 3676 590 3740 etHadone
606 3675 787 3758 [Haddon]
927 3675 1138 3740 Thurstanus
1208 3675 1269 3760 [et]
1339 3675 1443 3759 Hugo

337 3781 473 3846 Gemun
494 3780 618 3844 debent
642 3780 670 3862 .j.
693 3789 828 3844 sectam.
876 3780 916 3843 In
938 3779 1049 3864 Jakell
1071 3781 1243 3863 Johannes
1264 3781 1295 3844 le
1316 3781 1389 3863 Eyr
1410 3790 1443 3844 et

335 3886 447 3950 Alicia
467 3887 509 3950 de
531 3883 652 3948 Boleur
673 3883 773 3967 {[ilia]
792 3884 919 3949 debent
938 3883 967 3966 .j.
983 3893 1120 3948 sectam.
1166 3885 1205 3949 In
1227 3887 1345 3948 eadem
1366 3884 1443 3948 villa

335 3991 465 4056 Ysolda
480 4000 514 4053 et
529 4010 657 4052 sorores
673 4010 732 4052 sue
748 3990 874 4053 debent
889 3990 918 4072 .j.
934 3999 1069 4054 sectam.
1111 3989 1149 4052 ln
1169 3989 1318 4053 Haddoii
1333 3991 1443 4055 Alicia

335 4097 378 4160 de
396 4095 544 4158 Haddon
561 4091 661 4156 debet
677 4113 777 4158 vnam
794 4103 929 4158 sectam.

401 4196 787 4279 Morbumefflorborn}
813 4197 932 4262 Abbas
942 4196 985 4261 de
997 4197 1333 4282 Croyland¹tenet,et
1343 4200 1443 4266 debet

335 4306 362 4368 .i.
379 4313 504 4368 sectam
524 4313 557 4366 et
573 4304 754 4384 wardpeny
770 4313 804 4366 et
820 4303 862 4366 de
878 4301 1006 4366 auxilio
1022 4304 1226 4367 vicecomitis
1242 4303 1323 4386 .xj.s.
1339 4305 1444 4388 quad*-

335 4417 471 4473 tantem.

776 4533 785 4565 ¹
802 4535 924 4597 Cruiand‚
936 4536 992 4586 MS.
