3222 5086
147 356 212 457 ιιι]
399 361 644 462 Rasignatn‘an
669 364 718 462 af
734 365 857 458 Pripr
872 365 995 465 Jolan
1186 382 1253 456 127

147 563 227 610 nem
248 545 371 612 iactam
393 549 484 631 apud
501 549 713 634 Wygenhale
733 551 777 615 de
792 571 860 634 qua
874 551 1026 635 superius
1041 551 1169 615 dictum
1184 554 1259 614 est¹.

148 648 301 734 Precepit
322 652 424 736 igitur
445 654 538 718 Pn'or
553 655 715 737 magistro
736 655 878 737 Symoni
894 655 938 720 de
954 639 1098 732 Asceile,
1113 653 1170 738 qui
1186 661 1259 716 erat

148 763 229 818 tunc
249 758 411 840 temporis
433 759 653 836 Camerarius
676 763 767 844 quod
791 761 902 825 eidem
923 761 1062 825 domino
1083 756 1258 844 j[ohanni]

148 861 341 941 prouideret
370 864 413 928 de
443 865 590 947 quodam
622 885 717 948 equo.
772 865 823 929 At
853 865 916 944 ilie,
948 874 1106 950 precepto
1137 863 1259 927 Prioris

148 971 395 1048 optemperans
410 988 513 1032 vnum
535 989 635 1052 equm
651 978 845 1032 veteranum
863 989 1023 1051 magnum
1039 979 1074 1034 et
1089 967 1258 1032 macillen-

149 1077 220 1132 tum
238 1090 338 1152 quem
355 1081 434 1136 tunc
451 1073 559 1137 solum
575 1073 739 1138 habuerat
754 1075 868 1139 statim
886 1074 976 1138 misit
991 1075 1110 1139 eidem.
1147 1069 1257 1155 Quem

149 1173 268 1238 uidens
289 1175 446 1240 dominus
464 1176 636 1258 Johannes
657 1187 690 1241 et
712 1179 861 1260 quicum
877 1199 918 1242 eo
933 1186 1028 1242 erant
1044 1177 1258 1242 exclamaue-

149 1289 226 1342 runt
253 1280 421 1345 dicentes:
460 1280 550 1345 Vnda
575 1282 666 1346 uenit
691 1282 751 1346 iste
771 1281 920 1346 dnabalns
942 1279 1168 1346 inueteratus!
1213 1278 1258 1343 Et

149 1402 226 1446 cum
243 1385 406 1449 cachinno
422 1405 546 1468 magno
558 1386 685 1449 dictum
698 1405 822 1468 equum
835 1385 1049 1462 circuierunt;
1071 1385 1126 1466 alij
1140 1385 1258 1450 dentes

148 1486 221 1550 eius
237 1489 470 1567 ostendentes;
491 1489 545 1571 aiij
563 1488 673 1571 capud
689 1499 723 1553 et
739 1490 875 1552 dorsum
892 1489 1047 1553 manibus
1059 1488 1257 1571 palpantes;

150 1589 207 1674 alij
227 1611 307 1655 uero
323 1613 382 1675 per
396 1594 539 1657 caudam
556 1593 666 1676 ipsum
685 1593 841 1656 miserum
857 1592 1047 1670 trahentes;
1071 1592 1127 1675 aiij
1145 1601 1257 1656 autem

149 1716 227 1760 cum
248 1699 371 1762 aculeis
392 1700 502 1782 ipsum
524 1707 723 1782 pungentes,
739 1706 772 1761 et
794 1700 837 1762 ad
859 1698 1161 1763 recalcitrationem
1183 1718 1258 1781 pro-

150 1811 318 1865 uocantes.
339 1800 407 1883 Alij
422 1801 590 1865 dicebant:
607 1801 812 1880 Eurorutur3
829 1800 900 1883 aiij:
918 1799 1143 1867 Cambnratur.
1167 1799 1257 1883 Quid

151 1905 270 1987 plura?
327 1906 496 1970 Dominus
525 1906 698 1988 Johannes
729 1907 877 1989 precepit
907 1915 944 1970 ut
974 1905 1186 1970 reduceretur
1215 1903 1258 1968 ad

150 2008 262 2073 locum
295 2010 383 2074 unde
414 2019 559 2074 uenerat.
606 2008 653 2073 Et
679 2019 756 2092 post
783 2031 907 2093 paucos
934 2009 1006 2074 dies
1033 2010 1122 2074 misit
1149 2009 1259 2074 dictus

149 2112 308 2177 dominus
341 2112 542 2196 J[ohannes]
579 2112 718 2176 militem
756 2133 860 2176 unum
896 2114 939 2177 de
975 2113 1102 2176 familia
1134 2132 1196 2176 sua
1224 2122 1259 2176 et

151 2217 317 2299 quosdam
353 2218 445 2294 aiios,
479 2218 629 2280 dicentes
665 2216 708 2279 ad
748 2217 916 2280 Priorem:
955 2215 1118 2280 Dominus
1155 2226 1262 2281 noster

151 2321 303 2386 daminus
317 2322 349 2407 J
351 2321 519 2406 [ohannes]
541 2319 580 2384 de
601 2321 713 2403 Burga
736 2321 830 2384 misit
851 2341 908 2384 nas
929 2321 978 2384 ad
996 2330 1027 2383 u
1046 2319 1153 2384 dr'cms
1176 2320 1265 2403 quod

152 2446 214 2488 nan
236 2427 363 2490 salutat
384 2436 422 2502 te,
444 2447 500 2489 nec
520 2427 582 2490 tibi
603 2427 808 2509 reg-tactatur
826 2425 866 2488 de
888 2446 965 2508 equa
990 2426 1091 2489 ueteri
1112 2445 1204 2508 quem
1230 2427 1263 2488 ai

150 2530 368 2596 accanrodasti
414 2530 563 2595 Mandat
590 2530 699 2613 igitur
726 2529 787 2594 tibi
813 2529 901 2612 quad
927 2528 1041 2594 mittas
1065 2528 1096 2593 ei
1120 2527 1315 2593 celeriteru
1315 2551 1390 2594 wne

151 2655 254 2698 unum
271 2635 476 2718 palefridum
502 2634 577 2699 bena
600 2634 820 2699 ambulantem
846 2655 909 2698 nan
935 2655 974 2698 ar
997 2643 1117 2709 mutua,
1142 2633 1201 2697 red
1216 2603 1333 2752 argi}¹¹
1286 2613 1366 2694 xliia
1350 2613 1414 2704 αέα

151 2741 258 2816 dono,·
295 2751 326 2804 nt
355 2753 537 2824 responsum
568 2750 662 2804 tuum
690 2739 792 2803 udam
825 2740 981 2804 remanda
1010 2749 1074 2822 per
1106 2759 1163 2802 aas
1190 2739 1304 2806 sinan·
1289 2752 1376 2804 nister

151 2844 315 2909 dilanaru.
376 2845 422 2908 Et
459 2845 562 2920 Prior,
590 2845 805 2908 considerans
835 2854 968 2926 tempus
1003 2853 1038 2907 et
1073 2863 1259 2926 personam,
1271 2855 1360 2921 t47b

151 2948 281 3012 studuit
309 2949 479 3013 humiliter
504 2949 713 3033 respondere.
759 2948 805 3012 Et
832 2947 939 3012 dixit:
979 2947 1113 3012 Vtinam
1143 2948 1259 3012 bonum

151 3061 183 3116 et
206 3051 370 3133 ydaumm
398 3052 604 3136 palefridum
634 3052 782 3116 haberem
812 3052 861 3116 ad
892 3063 970 3135 opus
998 3052 1126 3116 damini
1159 3052 1263 3116 uestri

145 3155 318 3241 Jaltanms.
364 3157 487 3240 Aliqua
517 3167 653 3240 tempore
677 3157 781 3222 habui
800 3155 991 3239 palefridos,
1017 3167 1260 3239 verumptamen

151 3263 279 3346 qualem
309 3263 400 3326 modo
430 3263 526 3327 habea
556 3262 691 3327 libenter
717 3262 749 3325 ei
775 3261 864 3326 dabo.
910 3262 956 3326 Et
983 3263 1073 3326 misit
1099 3263 1129 3326 ei
1156 3283 1258 3326 vnum
1344 3301 1348 3310 ·

153 3365 351 3451 palefridum
378 3367 421 3432 de
448 3389 537 3432 nouo
563 3378 725 3452 emptum,
752 3387 893 3451 paruum
919 3367 1066 3450 quidem,
1092 3368 1151 3433 sed
1178 3369 1260 3432 satis

152 3471 237 3534 bene
263 3471 502 3536 ambulantem.
548 3472 660 3556 Quem
688 3473 850 3555 recipiens
878 3493 982 3556 usque
1009 3474 1042 3537 in
1070 3483 1259 3557 presentem

151 3576 241 3640 diem
269 3595 336 3639 non
363 3578 498 3654 remisit,
525 3578 584 3642 sed
612 3586 726 3642 tamen
751 3577 893 3641 furorem
919 3583 1036 3661 quem¹
1060 3587 1260 3661 conceperat

153 3679 329 3762 mitigauit

253 3844 302 3922 38.
346 3842 398 3906 De
420 3843 636 3926 resn'gnactime
658 3843 798 3910 Domini
811 3843 951 3930 Juliani
971 3843 1112 3924 Pnarrssr,
1133 3855 1166 3910 et

460 3950 618 4013 creatione
639 3949 772 4014 Pm'aris
796 3948 957 4032 Symanrssr.

221 4089 278 4156 Sic
308 4091 421 4174 itaque
451 4093 608 4158 dominus
638 4095 778 4176 Jolanus
811 4096 904 4160 Prior
933 4117 992 4179 per
1022 4097 1131 4161 uarias
1157 4099 1260 4162 tribu·
1275 4110 1423 4204 ιζῗινιςὲἰοι

153 4194 299 4260 laciones
320 4195 579 4281 circumquaque
601 4199 784 4277 confossus,
800 4211 917 4284 vtpote
940 4220 1000 4283 per
1021 4220 1184 4282 guerram,
1203 4223 1261 4286 per
1273 4212 1340 4304 te1¹¹¹
1325 4211 1396 4303 „llere

152 4297 423 4381 depredaciones,
439 4321 498 4383 per
518 4302 680 4377 incendia,
702 4323 761 4387 per
781 4303 921 4379 iabores,
937 4323 996 4387 per
1016 4304 1131 4380 minas,
1147 4314 1182 4368 et
1202 4326 1261 4389 per
1321 4351 1324 4360 ,

152 4401 382 4481 contumelias,
396 4405 506 4469 locum
528 4406 649 4489 quietis
670 4418 705 4472 et
727 4419 861 4492 tempus
885 4408 1033 4473 inuenire
1054 4428 1120 4472 non
1142 4411 1261 4492 potuit.

404 4516 572 4586 ¹Seeclnp.
585 4533 625 4584 32.
828 4520 931 4588 ’quod
951 4519 1007 4574 MS.
