<?xml version="1.0" encoding="UTF-8"?>
<!DOCTYPE html PUBLIC "-//W3C//DTD XHTML 1.0 Transitional//EN"
    "http://www.w3.org/TR/xhtml1/DTD/xhtml1-transitional.dtd">
<html xmlns="http://www.w3.org/1999/xhtml" xml:lang="en" lang="en">
 <head>
  <title>
</title>
<meta http-equiv="Content-Type" content="text/html;charset=utf-8" />
  <meta name='ocr-system' content='tesseract 3.04.00' />
  <meta name='ocr-capabilities' content='ocr_page ocr_carea ocr_par ocr_line ocrx_word'/>
</head>
<body>
  <div class='ocr_page' id='page_1' title='image "./libermemorandor00maitgoog_0279.png"; bbox 0 0 3192 5102; ppageno 0'>
   <div class='ocr_carea' id='block_1_1' title="bbox 132 362 1233 462">
    <p class='ocr_par' dir='ltr' id='par_1_1' title="bbox 132 362 1233 462">
     <span class='ocr_line' id='line_1_1' title="bbox 132 362 1233 462; baseline -0.003 -26"><span class='ocrx_word' id='word_1_1' title='bbox 132 362 188 462; x_wconf 85' lang='lat' dir='ltr'>tv]</span> <span class='ocrx_word' id='word_1_2' title='bbox 330 365 502 460; x_wconf 76' lang='lat' dir='ltr'>vz&#39;carage</span> <span class='ocrx_word' id='word_1_3' title='bbox 524 363 658 438; x_wconf 79' lang='lat' dir='ltr'>settled</span> <span class='ocrx_word' id='word_1_4' title='bbox 679 366 723 462; x_wconf 81' lang='lat' dir='ltr'>by</span> <span class='ocrx_word' id='word_1_5' title='bbox 748 364 889 462; x_wconf 68' lang='lat' dir='ltr'>Bistup</span> <span class='ocrx_word' id='word_1_6' title='bbox 914 364 962 460; x_wconf 77' lang='lat' dir='ltr'>of</span> <span class='ocrx_word' id='word_1_7' title='bbox 980 364 1056 461; x_wconf 80' lang='lat' dir='ltr'>Ely</span> <span class='ocrx_word' id='word_1_8' title='bbox 1167 385 1233 434; x_wconf 83' lang='lat'>211</span> 
     </span>
    </p>
   </div>
   <div class='ocr_carea' id='block_1_2' title="bbox 131 540 1389 633">
    <p class='ocr_par' dir='ltr' id='par_1_2' title="bbox 131 540 1389 633">
     <span class='ocr_line' id='line_1_2' title="bbox 131 540 1389 633; baseline -0.005 -27"><span class='ocrx_word' id='word_1_9' title='bbox 131 559 325 622; x_wconf 85' lang='lat' dir='ltr'>perceperunt,</span> <span class='ocrx_word' id='word_1_10' title='bbox 338 551 552 622; x_wconf 88' lang='lat' dir='ltr'>quatuordecim</span> <span class='ocrx_word' id='word_1_11' title='bbox 569 549 676 606; x_wconf 89' lang='lat' dir='ltr'>solidos</span> <span class='ocrx_word' id='word_1_12' title='bbox 691 567 801 607; x_wconf 87' lang='lat' dir='ltr'>annuos</span> <span class='ocrx_word' id='word_1_13' title='bbox 813 562 950 624; x_wconf 89' lang='lat' dir='ltr'>perpetuo</span> <span class='ocrx_word' id='word_1_14' title='bbox 964 550 1139 620; x_wconf 79' lang='lat' dir='ltr'>remiserunt,</span> <span class='ocrx_word' id='word_1_15' title='bbox 1153 549 1240 605; x_wconf 85' lang='lat' dir='ltr'>saluis</span> <span class='ocrx_word' id='word_1_16' title='bbox 1254 540 1389 633; x_wconf 56' lang='lat' dir='ltr'>ffigeb‘ffl</span> 
     </span>
    </p>
   </div>
   <div class='ocr_carea' id='block_1_3' title="bbox 130 638 1377 742">
    <p class='ocr_par' dir='ltr' id='par_1_3' title="bbox 130 638 1377 742">
     <span class='ocr_line' id='line_1_3' title="bbox 130 638 1377 742; baseline 0.001 -50"><span class='ocrx_word' id='word_1_17' title='bbox 130 638 240 694; x_wconf 90' lang='lat' dir='ltr'>eisdem</span> <span class='ocrx_word' id='word_1_18' title='bbox 252 655 300 694; x_wconf 88' lang='lat' dir='ltr'>sex</span> <span class='ocrx_word' id='word_1_19' title='bbox 314 638 413 694; x_wconf 88' lang='lat' dir='ltr'>solidis</span> <span class='ocrx_word' id='word_1_20' title='bbox 430 639 550 696; x_wconf 85' lang='lat' dir='ltr'>residuis</span> <span class='ocrx_word' id='word_1_21' title='bbox 567 639 712 696; x_wconf 89' lang='lat' dir='ltr'>soluendis</span> <span class='ocrx_word' id='word_1_22' title='bbox 726 640 934 696; x_wconf 86' lang='lat' dir='ltr'>Elemosinario</span> <span class='ocrx_word' id='word_1_23' title='bbox 952 640 989 695; x_wconf 91' lang='lat' dir='ltr'>de</span> <span class='ocrx_word' id='word_1_24' title='bbox 1007 639 1178 694; x_wconf 88' lang='lat' dir='ltr'>Bernewelle</span> <span class='ocrx_word' id='word_1_25' title='bbox 1190 653 1241 708; x_wconf 90' lang='lat' dir='ltr'>per</span> <span class='ocrx_word' id='word_1_26' title='bbox 1254 640 1377 742; x_wconf 46' lang='lat' dir='ltr'>mimz</span> 
     </span>
    </p>
   </div>
   <div class='ocr_carea' id='block_1_4' title="bbox 131 729 1387 784">
    <p class='ocr_par' dir='ltr' id='par_1_4' title="bbox 131 729 1387 784">
     <span class='ocr_line' id='line_1_4' title="bbox 131 729 1387 784; baseline -0.001 -2"><span class='ocrx_word' id='word_1_27' title='bbox 131 729 184 784; x_wconf 90' lang='lat' dir='ltr'>loci</span> <span class='ocrx_word' id='word_1_28' title='bbox 198 729 336 784; x_wconf 84' lang='lat' dir='ltr'>vicarium</span> <span class='ocrx_word' id='word_1_29' title='bbox 348 730 502 784; x_wconf 86' lang='lat' dir='ltr'><strong>annuatim.</strong></span> <span class='ocrx_word' id='word_1_30' title='bbox 1254 741 1387 784; x_wconf 80' lang='lat' dir='ltr'>tromntm.</span> 
     </span>
    </p>
   </div>
   <div class='ocr_carea' id='block_1_5' title="bbox 130 810 1405 1156">
    <p class='ocr_par' dir='ltr' id='par_1_5' title="bbox 130 810 1405 1156">
     <span class='ocr_line' id='line_1_5' title="bbox 186 810 1349 904; baseline -0.002 -34"><span class='ocrx_word' id='word_1_31' title='bbox 186 817 253 870; x_wconf 89' lang='lat' dir='ltr'><strong>Post</strong></span> <span class='ocrx_word' id='word_1_32' title='bbox 279 814 354 870; x_wconf 90' lang='lat' dir='ltr'>hanc</span> <span class='ocrx_word' id='word_1_33' title='bbox 385 825 479 870; x_wconf 91' lang='lat' dir='ltr'>autem</span> <span class='ocrx_word' id='word_1_34' title='bbox 510 815 722 871; x_wconf 81' lang='lat' dir='ltr'>ordinacionem</span> <span class='ocrx_word' id='word_1_35' title='bbox 753 816 898 887; x_wconf 88' lang='lat' dir='ltr'>Johannes</span> <span class='ocrx_word' id='word_1_36' title='bbox 931 817 1063 871; x_wconf 84' lang='lat' dir='ltr'>Portlrors</span> <span class='ocrx_word' id='word_1_37' title='bbox 1092 814 1240 885; x_wconf 85' lang='lat' dir='ltr'>burgensis</span> <span class='ocrx_word' id='word_1_38' title='bbox 1253 810 1349 904; x_wconf 48' lang='grc' dir='ltr'>9έέῑέ</span> 
     </span>
     <span class='ocr_line' id='line_1_6' title="bbox 132 861 1380 976; baseline -0.006 -17"><span class='ocrx_word' id='word_1_39' title='bbox 132 905 320 976; x_wconf 85' lang='lat' dir='ltr'>Cantebrigie,</span> <span class='ocrx_word' id='word_1_40' title='bbox 339 922 390 975; x_wconf 92' lang='lat' dir='ltr'>pro</span> <span class='ocrx_word' id='word_1_41' title='bbox 409 905 463 960; x_wconf 93' lang='lat' dir='ltr'>deo</span> <span class='ocrx_word' id='word_1_42' title='bbox 482 915 511 960; x_wconf 92' lang='lat' dir='ltr'>et</span> <span class='ocrx_word' id='word_1_43' title='bbox 533 905 624 960; x_wconf 87' lang='lat' dir='ltr'>salute</span> <span class='ocrx_word' id='word_1_44' title='bbox 644 904 738 960; x_wconf 91' lang='lat' dir='ltr'>anime</span> <span class='ocrx_word' id='word_1_45' title='bbox 757 922 814 973; x_wconf 87' lang='lat' dir='ltr'>sue,</span> <span class='ocrx_word' id='word_1_46' title='bbox 832 914 860 960; x_wconf 91' lang='lat' dir='ltr'>et</span> <span class='ocrx_word' id='word_1_47' title='bbox 880 906 918 960; x_wconf 87' lang='lat' dir='ltr'>ad</span> <span class='ocrx_word' id='word_1_48' title='bbox 936 905 1170 961; x_wconf 88' lang='lat' dir='ltr'>exoneracionem</span> <span class='ocrx_word' id='word_1_49' title='bbox 1189 919 1239 957; x_wconf 91' lang='lat' dir='ltr'>seu</span> <span class='ocrx_word' id='word_1_50' title='bbox 1256 861 1380 961; x_wconf 62' lang='lat' dir='ltr'>eonion,</span> 
     </span>
     <span class='ocr_line' id='line_1_7' title="bbox 130 963 1362 1063; baseline -0.002 -15"><span class='ocrx_word' id='word_1_51' title='bbox 130 992 331 1050; x_wconf 85' lang='lat' dir='ltr'>liberacionem</span> <span class='ocrx_word' id='word_1_52' title='bbox 347 992 538 1063; x_wconf 90' lang='lat' dir='ltr'>predictorum</span> <span class='ocrx_word' id='word_1_53' title='bbox 550 993 669 1049; x_wconf 84' lang='lat' dir='ltr'><strong>fratrum</strong></span> <span class='ocrx_word' id='word_1_54' title='bbox 686 993 723 1049; x_wconf 91' lang='lat' dir='ltr'>de</span> <span class='ocrx_word' id='word_1_55' title='bbox 740 993 879 1059; x_wconf 87' lang='lat' dir='ltr'>Carmelo,</span> <span class='ocrx_word' id='word_1_56' title='bbox 892 992 970 1048; x_wconf 86' lang='lat' dir='ltr'>dedit</span> <span class='ocrx_word' id='word_1_57' title='bbox 987 992 1128 1048; x_wconf 87' lang='lat' dir='ltr'>concessit</span> <span class='ocrx_word' id='word_1_58' title='bbox 1143 1001 1171 1048; x_wconf 92' lang='lat' dir='ltr'>et</span> <span class='ocrx_word' id='word_1_59' title='bbox 1189 1007 1240 1045; x_wconf 91' lang='lat' dir='ltr'>sua</span> <span class='ocrx_word' id='word_1_60' title='bbox 1253 963 1286 1055; x_wconf 55' lang='lat'>¹0³?</span> <span class='ocrx_word' id='word_1_61' title='bbox 1308 972 1362 1054; x_wconf 55' lang='lat'>:12⁸-</span> 
     </span>
     <span class='ocr_line' id='line_1_8' title="bbox 130 1063 1405 1156; baseline -0.003 -20"><span class='ocrx_word' id='word_1_62' title='bbox 130 1089 210 1136; x_wconf 81' lang='lat' dir='ltr'>certa</span> <span class='ocrx_word' id='word_1_63' title='bbox 227 1080 406 1137; x_wconf 88' lang='lat' dir='ltr'>confirmauit</span> <span class='ocrx_word' id='word_1_64' title='bbox 424 1081 559 1153; x_wconf 85' lang='lat' dir='ltr'>predictis</span> <span class='ocrx_word' id='word_1_65' title='bbox 578 1081 667 1137; x_wconf 89' lang='lat' dir='ltr'>Priori</span> <span class='ocrx_word' id='word_1_66' title='bbox 685 1091 715 1137; x_wconf 90' lang='lat' dir='ltr'>et</span> <span class='ocrx_word' id='word_1_67' title='bbox 733 1081 885 1138; x_wconf 90' lang='lat' dir='ltr'>conuentui</span> <span class='ocrx_word' id='word_1_68' title='bbox 905 1079 941 1136; x_wconf 89' lang='lat' dir='ltr'>de</span> <span class='ocrx_word' id='word_1_69' title='bbox 964 1079 1134 1136; x_wconf 84' lang='lat' dir='ltr'>Bemewelle</span> <span class='ocrx_word' id='word_1_70' title='bbox 1153 1095 1237 1134; x_wconf 88' lang='lat' dir='ltr'>vnam</span> <span class='ocrx_word' id='word_1_71' title='bbox 1252 1063 1405 1156; x_wconf 53' lang='lat' dir='ltr'>{ffi‘gum</span> 
     </span>
    </p>
   </div>
   <div class='ocr_carea' id='block_1_6' title="bbox 131 1165 1388 1257">
    <p class='ocr_par' dir='ltr' id='par_1_6' title="bbox 131 1165 1388 1257">
     <span class='ocr_line' id='line_1_9' title="bbox 131 1165 1388 1257; baseline -0.007 -32"><span class='ocrx_word' id='word_1_72' title='bbox 131 1183 257 1226; x_wconf 84' lang='lat' dir='ltr'>marcam</span> <span class='ocrx_word' id='word_1_73' title='bbox 274 1169 362 1226; x_wconf 87' lang='lat' dir='ltr'>annui</span> <span class='ocrx_word' id='word_1_74' title='bbox 379 1170 506 1226; x_wconf 89' lang='lat' dir='ltr'>redditus</span> <span class='ocrx_word' id='word_1_75' title='bbox 522 1170 734 1242; x_wconf 84' lang='lat' dir='ltr'>percipiendam</span> <span class='ocrx_word' id='word_1_76' title='bbox 750 1170 827 1240; x_wconf 90' lang='lat' dir='ltr'>apud</span> <span class='ocrx_word' id='word_1_77' title='bbox 843 1169 1055 1238; x_wconf 72' lang='lat' dir='ltr'>cantabrigiam</span> <span class='ocrx_word' id='word_1_78' title='bbox 1073 1168 1110 1223; x_wconf 90' lang='lat' dir='ltr'>de</span> <span class='ocrx_word' id='word_1_79' title='bbox 1126 1165 1240 1238; x_wconf 89' lang='lat' dir='ltr'>quibus·</span> <span class='ocrx_word' id='word_1_80' title='bbox 1253 1165 1388 1257; x_wconf 39' lang='lat' dir='ltr'>{affirm</span> 
     </span>
    </p>
   </div>
   <div class='ocr_carea' id='block_1_7' title="bbox 130 1257 1353 1330">
    <p class='ocr_par' dir='ltr' id='par_1_7' title="bbox 130 1257 1353 1330">
     <span class='ocr_line' id='line_1_10' title="bbox 130 1257 1353 1330; baseline 0.005 -19"><span class='ocrx_word' id='word_1_81' title='bbox 130 1257 198 1312; x_wconf 81' lang='lat' dir='ltr'>darn</span> <span class='ocrx_word' id='word_1_82' title='bbox 211 1258 342 1315; x_wconf 87' lang='lat' dir='ltr'>domibus</span> <span class='ocrx_word' id='word_1_83' title='bbox 355 1259 604 1315; x_wconf 85' lang='lat' dir='ltr'>Archidiaconatui</span> <span class='ocrx_word' id='word_1_84' title='bbox 618 1259 735 1330; x_wconf 88' lang='lat' dir='ltr'>Elyensi</span> <span class='ocrx_word' id='word_1_85' title='bbox 749 1260 854 1315; x_wconf 88' lang='lat' dir='ltr'>ibidem</span> <span class='ocrx_word' id='word_1_86' title='bbox 868 1257 994 1314; x_wconf 89' lang='lat' dir='ltr'>annexis.</span> <span class='ocrx_word' id='word_1_87' title='bbox 1253 1285 1306 1326; x_wconf 63' lang='lat' dir='ltr'>Tr„</span> <span class='ocrx_word' id='word_1_88' title='bbox 1315 1295 1353 1326; x_wconf 77' lang='lat' dir='ltr'>re-</span> 
     </span>
    </p>
   </div>
   <div class='ocr_carea' id='block_1_8' title="bbox 187 1334 1405 1438">
    <p class='ocr_par' dir='ltr' id='par_1_8' title="bbox 187 1334 1405 1438">
     <span class='ocr_line' id='line_1_11' title="bbox 187 1334 1405 1438; baseline -0.004 -40"><span class='ocrx_word' id='word_1_89' title='bbox 187 1345 240 1400; x_wconf 87' lang='lat' dir='ltr'>Pro</span> <span class='ocrx_word' id='word_1_90' title='bbox 252 1345 373 1402; x_wconf 88' lang='lat' dir='ltr'>residuis</span> <span class='ocrx_word' id='word_1_91' title='bbox 385 1355 480 1402; x_wconf 90' lang='lat' dir='ltr'>autem</span> <span class='ocrx_word' id='word_1_92' title='bbox 493 1357 559 1402; x_wconf 90' lang='lat' dir='ltr'>octo</span> <span class='ocrx_word' id='word_1_93' title='bbox 571 1347 695 1402; x_wconf 89' lang='lat' dir='ltr'>denariis</span> <span class='ocrx_word' id='word_1_94' title='bbox 707 1347 756 1419; x_wconf 93' lang='lat' dir='ltr'>qui</span> <span class='ocrx_word' id='word_1_95' title='bbox 769 1347 805 1402; x_wconf 89' lang='lat' dir='ltr'>de</span> <span class='ocrx_word' id='word_1_96' title='bbox 818 1346 901 1403; x_wconf 88' lang='lat' dir='ltr'>dictis</span> <span class='ocrx_word' id='word_1_97' title='bbox 914 1343 1128 1418; x_wconf 89' lang='lat' dir='ltr'>quatuordecim</span> <span class='ocrx_word' id='word_1_98' title='bbox 1142 1343 1240 1400; x_wconf 90' lang='lat' dir='ltr'>solidis</span> <span class='ocrx_word' id='word_1_99' title='bbox 1253 1334 1405 1438; x_wconf 50' lang='lat' dir='ltr'>mmm</span> 
     </span>
    </p>
   </div>
   <div class='ocr_carea' id='block_1_9' title="bbox 130 1432 1391 1538">
    <p class='ocr_par' dir='ltr' id='par_1_9' title="bbox 130 1432 1391 1538">
     <span class='ocr_line' id='line_1_12' title="bbox 130 1432 1391 1538; baseline 0.006 -52"><span class='ocrx_word' id='word_1_100' title='bbox 130 1432 233 1488; x_wconf 84' lang='lat' dir='ltr'>annuis</span> <span class='ocrx_word' id='word_1_101' title='bbox 246 1445 443 1492; x_wconf 85' lang='lat' dir='ltr'>remanserunt</span> <span class='ocrx_word' id='word_1_102' title='bbox 455 1435 589 1506; x_wconf 87' lang='lat' dir='ltr'>predictis</span> <span class='ocrx_word' id='word_1_103' title='bbox 604 1436 691 1491; x_wconf 90' lang='lat' dir='ltr'>Priori</span> <span class='ocrx_word' id='word_1_104' title='bbox 705 1448 733 1492; x_wconf 90' lang='lat' dir='ltr'>et</span> <span class='ocrx_word' id='word_1_105' title='bbox 745 1435 899 1494; x_wconf 90' lang='lat' dir='ltr'>conuentui</span> <span class='ocrx_word' id='word_1_106' title='bbox 911 1436 949 1491; x_wconf 92' lang='lat' dir='ltr'>de</span> <span class='ocrx_word' id='word_1_107' title='bbox 961 1434 1132 1490; x_wconf 79' lang='lat' dir='ltr'>Bemenelle</span> <span class='ocrx_word' id='word_1_108' title='bbox 1145 1442 1172 1488; x_wconf 90' lang='lat' dir='ltr'>et</span> <span class='ocrx_word' id='word_1_109' title='bbox 1185 1433 1239 1488; x_wconf 93' lang='lat' dir='ltr'>loci</span> <span class='ocrx_word' id='word_1_110' title='bbox 1253 1438 1391 1538; x_wconf 44' lang='lat' dir='ltr'>&#39;¹13⁶ng</span> 
     </span>
    </p>
   </div>
   <div class='ocr_carea' id='block_1_10' title="bbox 129 1519 1387 1698">
    <p class='ocr_par' dir='ltr' id='par_1_10' title="bbox 129 1519 1387 1698">
     <span class='ocr_line' id='line_1_13' title="bbox 130 1519 1366 1595; baseline -0.004 -20"><span class='ocrx_word' id='word_1_111' title='bbox 130 1519 236 1576; x_wconf 84' lang='lat' dir='ltr'>vicario</span> <span class='ocrx_word' id='word_1_112' title='bbox 254 1521 344 1577; x_wconf 86' lang='lat' dir='ltr'>sancti</span> <span class='ocrx_word' id='word_1_113' title='bbox 363 1523 503 1593; x_wconf 86' lang='lat' dir='ltr'>Johannis</span> <span class='ocrx_word' id='word_1_114' title='bbox 521 1539 571 1595; x_wconf 91' lang='lat' dir='ltr'>per</span> <span class='ocrx_word' id='word_1_115' title='bbox 587 1522 730 1595; x_wconf 92' lang='lat' dir='ltr'>predictos</span> <span class='ocrx_word' id='word_1_116' title='bbox 750 1523 875 1578; x_wconf 87' lang='lat' dir='ltr'>Priorem</span> <span class='ocrx_word' id='word_1_117' title='bbox 892 1533 920 1578; x_wconf 91' lang='lat' dir='ltr'>et</span> <span class='ocrx_word' id='word_1_118' title='bbox 937 1522 1041 1578; x_wconf 82' lang='lat' dir='ltr'>iratres·</span> <span class='ocrx_word' id='word_1_119' title='bbox 1055 1522 1091 1577; x_wconf 90' lang='lat' dir='ltr'>de</span> <span class='ocrx_word' id='word_1_120' title='bbox 1109 1523 1240 1576; x_wconf 90' lang='lat' dir='ltr'>Carrnelo</span> <span class='ocrx_word' id='word_1_121' title='bbox 1253 1538 1366 1581; x_wconf 66' lang='lat' dir='ltr'>mecer-</span> 
     </span>
     <span class='ocr_line' id='line_1_14' title="bbox 129 1588 1387 1698; baseline -0.005 -32"><span class='ocrx_word' id='word_1_122' title='bbox 129 1619 174 1665; x_wconf 86' lang='lat' dir='ltr'>est</span> <span class='ocrx_word' id='word_1_123' title='bbox 191 1610 315 1680; x_wconf 83' lang='lat' dir='ltr'>plenarie</span> <span class='ocrx_word' id='word_1_124' title='bbox 332 1610 516 1679; x_wconf 82' lang='lat' dir='ltr'>satisfactum,</span> <span class='ocrx_word' id='word_1_125' title='bbox 530 1622 559 1667; x_wconf 91' lang='lat' dir='ltr'>et</span> <span class='ocrx_word' id='word_1_126' title='bbox 575 1629 661 1684; x_wconf 89' lang='lat' dir='ltr'>super</span> <span class='ocrx_word' id='word_1_127' title='bbox 676 1611 910 1683; x_wconf 89' lang='lat' dir='ltr'>appropriacione</span> <span class='ocrx_word' id='word_1_128' title='bbox 927 1609 1017 1666; x_wconf 92' lang='lat' dir='ltr'>tocius</span> <span class='ocrx_word' id='word_1_129' title='bbox 1034 1609 1161 1665; x_wconf 90' lang='lat' dir='ltr'>redditus</span> <span class='ocrx_word' id='word_1_130' title='bbox 1179 1626 1240 1679; x_wconf 87' lang='lat' dir='ltr'>pre·</span> <span class='ocrx_word' id='word_1_131' title='bbox 1254 1588 1387 1698; x_wconf 46' lang='lat' dir='ltr'>ssffl‘ssor</span> 
     </span>
    </p>
   </div>
   <div class='ocr_carea' id='block_1_11' title="bbox 131 1697 1392 1860">
    <p class='ocr_par' dir='ltr' id='par_1_11' title="bbox 131 1697 1392 1860">
     <span class='ocr_line' id='line_1_15' title="bbox 131 1697 1378 1771; baseline -0.005 -18"><span class='ocrx_word' id='word_1_132' title='bbox 131 1697 198 1754; x_wconf 92' lang='lat' dir='ltr'>dicti</span> <span class='ocrx_word' id='word_1_133' title='bbox 212 1717 230 1753; x_wconf 90' lang='lat' dir='ltr'>a</span> <span class='ocrx_word' id='word_1_134' title='bbox 242 1699 359 1755; x_wconf 91' lang='lat' dir='ltr'>domino</span> <span class='ocrx_word' id='word_1_135' title='bbox 372 1701 452 1769; x_wconf 80' lang='lat' dir='ltr'>Rege</span> <span class='ocrx_word' id='word_1_136' title='bbox 464 1701 583 1757; x_wconf 87' lang='lat' dir='ltr'>licencia</span> <span class='ocrx_word' id='word_1_137' title='bbox 596 1701 755 1771; x_wconf 87' lang='lat' dir='ltr'>impetrata.</span> <span class='ocrx_word' id='word_1_138' title='bbox 1254 1707 1303 1749; x_wconf 73' lang='lat' dir='ltr'>ano</span> <span class='ocrx_word' id='word_1_139' title='bbox 1314 1706 1378 1748; x_wconf 85' lang='lat' dir='ltr'>con·</span> 
     </span>
     <span class='ocr_line' id='line_1_16' title="bbox 187 1754 1392 1860; baseline 0 -20"><span class='ocrx_word' id='word_1_140' title='bbox 187 1787 249 1842; x_wconf 91' lang='lat' dir='ltr'>Nos</span> <span class='ocrx_word' id='word_1_141' title='bbox 265 1799 362 1844; x_wconf 89' lang='lat' dir='ltr'>autem</span> <span class='ocrx_word' id='word_1_142' title='bbox 379 1787 496 1860; x_wconf 90' lang='lat' dir='ltr'>predicti</span> <span class='ocrx_word' id='word_1_143' title='bbox 511 1789 590 1845; x_wconf 91' lang='lat' dir='ltr'>Prior</span> <span class='ocrx_word' id='word_1_144' title='bbox 602 1790 639 1844; x_wconf 92' lang='lat' dir='ltr'>de</span> <span class='ocrx_word' id='word_1_145' title='bbox 654 1790 825 1846; x_wconf 88' lang='lat' dir='ltr'>Bernewelle</span> <span class='ocrx_word' id='word_1_146' title='bbox 840 1799 868 1842; x_wconf 91' lang='lat' dir='ltr'>et</span> <span class='ocrx_word' id='word_1_147' title='bbox 880 1787 1006 1843; x_wconf 88' lang='lat' dir='ltr'>eiusdem</span> <span class='ocrx_word' id='word_1_148' title='bbox 1020 1787 1073 1841; x_wconf 92' lang='lat' dir='ltr'>loci</span> <span class='ocrx_word' id='word_1_149' title='bbox 1084 1796 1241 1843; x_wconf 89' lang='lat' dir='ltr'>conuentus</span> <span class='ocrx_word' id='word_1_150' title='bbox 1254 1754 1392 1854; x_wconf 48' lang='lat' dir='ltr'>Rimul,</span> 
     </span>
    </p>
   </div>
   <div class='ocr_carea' id='block_1_12' title="bbox 130 1855 1406 1956">
    <p class='ocr_par' dir='ltr' id='par_1_12' title="bbox 130 1855 1406 1956">
     <span class='ocr_line' id='line_1_17' title="bbox 130 1855 1406 1956; baseline 0.002 -28"><span class='ocrx_word' id='word_1_151' title='bbox 130 1884 159 1929; x_wconf 91' lang='lat' dir='ltr'>et</span> <span class='ocrx_word' id='word_1_152' title='bbox 175 1875 295 1930; x_wconf 85' lang='lat' dir='ltr'>vicarius</span> <span class='ocrx_word' id='word_1_153' title='bbox 313 1876 410 1931; x_wconf 87' lang='lat' dir='ltr'>Sancti</span> <span class='ocrx_word' id='word_1_154' title='bbox 428 1876 566 1947; x_wconf 87' lang='lat' dir='ltr'>Jolrannis</span> <span class='ocrx_word' id='word_1_155' title='bbox 583 1893 634 1948; x_wconf 92' lang='lat' dir='ltr'>pro</span> <span class='ocrx_word' id='word_1_156' title='bbox 653 1875 735 1932; x_wconf 89' lang='lat' dir='ltr'>nobis</span> <span class='ocrx_word' id='word_1_157' title='bbox 751 1885 780 1932; x_wconf 89' lang='lat' dir='ltr'>et</span> <span class='ocrx_word' id='word_1_158' title='bbox 797 1875 1007 1932; x_wconf 86' lang='lat' dir='ltr'>successoribus</span> <span class='ocrx_word' id='word_1_159' title='bbox 1023 1875 1135 1942; x_wconf 89' lang='lat' dir='ltr'>nostris,</span> <span class='ocrx_word' id='word_1_160' title='bbox 1147 1885 1176 1930; x_wconf 89' lang='lat' dir='ltr'>et</span> <span class='ocrx_word' id='word_1_161' title='bbox 1188 1891 1241 1930; x_wconf 91' lang='lat' dir='ltr'>nos</span> <span class='ocrx_word' id='word_1_162' title='bbox 1254 1855 1406 1956; x_wconf 50' lang='grc' dir='ltr'>ξ’ζίξῶζῒί</span> 
     </span>
    </p>
   </div>
   <div class='ocr_carea' id='block_1_13' title="bbox 132 1959 1383 2053">
    <p class='ocr_par' dir='ltr' id='par_1_13' title="bbox 132 1959 1383 2053">
     <span class='ocr_line' id='line_1_18' title="bbox 132 1959 1383 2053; baseline 0.001 -38"><span class='ocrx_word' id='word_1_163' title='bbox 132 1960 250 2032; x_wconf 87' lang='lat' dir='ltr'>predicti</span> <span class='ocrx_word' id='word_1_164' title='bbox 277 1963 357 2018; x_wconf 87' lang='lat' dir='ltr'>Prior</span> <span class='ocrx_word' id='word_1_165' title='bbox 378 1972 406 2018; x_wconf 91' lang='lat' dir='ltr'>et</span> <span class='ocrx_word' id='word_1_166' title='bbox 428 1964 527 2020; x_wconf 82' lang='lat' dir='ltr'>iratres</span> <span class='ocrx_word' id='word_1_167' title='bbox 552 1964 588 2019; x_wconf 87' lang='lat' dir='ltr'>de</span> <span class='ocrx_word' id='word_1_168' title='bbox 611 1964 742 2020; x_wconf 90' lang='lat' dir='ltr'>Carmelo</span> <span class='ocrx_word' id='word_1_169' title='bbox 767 1963 802 2019; x_wconf 91' lang='lat' dir='ltr'>de</span> <span class='ocrx_word' id='word_1_170' title='bbox 824 1963 1007 2033; x_wconf 79' lang='lat' dir='ltr'>cantebrigia</span> <span class='ocrx_word' id='word_1_171' title='bbox 1032 1979 1083 2033; x_wconf 91' lang='lat' dir='ltr'>pro</span> <span class='ocrx_word' id='word_1_172' title='bbox 1108 1961 1191 2017; x_wconf 90' lang='lat' dir='ltr'>nobis</span> <span class='ocrx_word' id='word_1_173' title='bbox 1211 1971 1241 2018; x_wconf 87' lang='lat' dir='ltr'>et</span> <span class='ocrx_word' id='word_1_174' title='bbox 1254 1959 1383 2053; x_wconf 52' lang='lat' dir='ltr'>ffioffid</span> 
     </span>
    </p>
   </div>
   <div class='ocr_carea' id='block_1_14' title="bbox 131 2049 1409 2312">
    <p class='ocr_par' dir='ltr' id='par_1_14' title="bbox 131 2049 1409 2312">
     <span class='ocr_line' id='line_1_19' title="bbox 131 2049 1409 2122; baseline -0.002 -20"><span class='ocrx_word' id='word_1_175' title='bbox 131 2049 342 2105; x_wconf 89' lang='lat' dir='ltr'>successoribus</span> <span class='ocrx_word' id='word_1_176' title='bbox 363 2050 468 2105; x_wconf 91' lang='lat' dir='ltr'>nostris</span> <span class='ocrx_word' id='word_1_177' title='bbox 489 2051 681 2121; x_wconf 92' lang='lat' dir='ltr'>promittimus</span> <span class='ocrx_word' id='word_1_178' title='bbox 700 2050 796 2106; x_wconf 90' lang='lat' dir='ltr'>omnia</span> <span class='ocrx_word' id='word_1_179' title='bbox 814 2061 841 2107; x_wconf 93' lang='lat' dir='ltr'>et</span> <span class='ocrx_word' id='word_1_180' title='bbox 860 2050 970 2120; x_wconf 83' lang='lat' dir='ltr'>singula</span> <span class='ocrx_word' id='word_1_181' title='bbox 992 2049 1155 2122; x_wconf 88' lang='lat' dir='ltr'>supradicta</span> <span class='ocrx_word' id='word_1_182' title='bbox 1173 2049 1240 2107; x_wconf 86' lang='lat' dir='ltr'>fide·</span> <span class='ocrx_word' id='word_1_183' title='bbox 1254 2060 1370 2104; x_wconf 63' lang='lat' dir='ltr'>bremun</span> <span class='ocrx_word' id='word_1_184' title='bbox 1382 2056 1409 2100; x_wconf 84' lang='lat' dir='ltr'>ot</span> 
     </span>
     <span class='ocr_line' id='line_1_20' title="bbox 131 2109 1380 2250; baseline 0.006 -58"><span class='ocrx_word' id='word_1_185' title='bbox 131 2137 196 2192; x_wconf 91' lang='lat' dir='ltr'>liter</span> <span class='ocrx_word' id='word_1_186' title='bbox 213 2138 356 2193; x_wconf 89' lang='lat' dir='ltr'>obseruari</span> <span class='ocrx_word' id='word_1_187' title='bbox 376 2149 404 2194; x_wconf 88' lang='lat' dir='ltr'>et</span> <span class='ocrx_word' id='word_1_188' title='bbox 424 2139 451 2193; x_wconf 93' lang='lat' dir='ltr'>in</span> <span class='ocrx_word' id='word_1_189' title='bbox 472 2140 550 2193; x_wconf 88' lang='lat' dir='ltr'>nullo</span> <span class='ocrx_word' id='word_1_190' title='bbox 567 2139 680 2210; x_wconf 88' lang='lat' dir='ltr'>penitus</span> <span class='ocrx_word' id='word_1_191' title='bbox 699 2140 846 2195; x_wconf 91' lang='lat' dir='ltr'>contraire.</span> <span class='ocrx_word' id='word_1_192' title='bbox 1255 2109 1380 2250; x_wconf 55' lang='grc' dir='ltr'>ξιῗιῗῧξῗιέ</span> 
     </span>
     <span class='ocr_line' id='line_1_21' title="bbox 188 2209 1401 2312; baseline -0.001 -32"><span class='ocrx_word' id='word_1_193' title='bbox 188 2227 222 2280; x_wconf 93' lang='lat' dir='ltr'>ln</span> <span class='ocrx_word' id='word_1_194' title='bbox 241 2226 322 2281; x_wconf 89' lang='lat' dir='ltr'>cuius</span> <span class='ocrx_word' id='word_1_195' title='bbox 340 2226 381 2282; x_wconf 88' lang='lat' dir='ltr'>rei</span> <span class='ocrx_word' id='word_1_196' title='bbox 400 2225 594 2282; x_wconf 88' lang='lat' dir='ltr'>testimonium</span> <span class='ocrx_word' id='word_1_197' title='bbox 614 2244 666 2282; x_wconf 90' lang='lat' dir='ltr'>nos</span> <span class='ocrx_word' id='word_1_198' title='bbox 685 2226 804 2297; x_wconf 85' lang='lat' dir='ltr'>predicti</span> <span class='ocrx_word' id='word_1_199' title='bbox 823 2226 951 2282; x_wconf 85' lang='lat' dir='ltr'>officialis</span> <span class='ocrx_word' id='word_1_200' title='bbox 969 2237 997 2282; x_wconf 90' lang='lat' dir='ltr'>et</span> <span class='ocrx_word' id='word_1_201' title='bbox 1016 2225 1241 2293; x_wconf 88' lang='lat' dir='ltr'>archidiaconus,</span> <span class='ocrx_word' id='word_1_202' title='bbox 1255 2209 1401 2312; x_wconf 53' lang='grc' dir='ltr'>ξξξξξξξὴ</span> 
     </span>
    </p>
   </div>
   <div class='ocr_carea' id='block_1_15' title="bbox 131 2310 1409 3352">
    <p class='ocr_par' dir='ltr' id='par_1_15' title="bbox 131 2310 1352 2734">
     <span class='ocr_line' id='line_1_22' title="bbox 132 2310 1331 2383; baseline -0.002 -15"><span class='ocrx_word' id='word_1_203' title='bbox 132 2322 160 2368; x_wconf 92' lang='lat' dir='ltr'>et</span> <span class='ocrx_word' id='word_1_204' title='bbox 177 2330 231 2368; x_wconf 93' lang='lat' dir='ltr'>nos</span> <span class='ocrx_word' id='word_1_205' title='bbox 245 2312 362 2383; x_wconf 89' lang='lat' dir='ltr'>predicti</span> <span class='ocrx_word' id='word_1_206' title='bbox 383 2311 462 2367; x_wconf 90' lang='lat' dir='ltr'>Prior</span> <span class='ocrx_word' id='word_1_207' title='bbox 479 2324 508 2370; x_wconf 91' lang='lat' dir='ltr'>et</span> <span class='ocrx_word' id='word_1_208' title='bbox 526 2323 684 2369; x_wconf 87' lang='lat' dir='ltr'>conuentus</span> <span class='ocrx_word' id='word_1_209' title='bbox 701 2313 737 2368; x_wconf 90' lang='lat' dir='ltr'>de</span> <span class='ocrx_word' id='word_1_210' title='bbox 758 2314 935 2378; x_wconf 86' lang='lat' dir='ltr'>Bernewelle,</span> <span class='ocrx_word' id='word_1_211' title='bbox 949 2323 977 2368; x_wconf 91' lang='lat' dir='ltr'>et</span> <span class='ocrx_word' id='word_1_212' title='bbox 997 2313 1104 2382; x_wconf 90' lang='lat' dir='ltr'>Symon</span> <span class='ocrx_word' id='word_1_213' title='bbox 1121 2310 1331 2368; x_wconf 72' lang='lat' dir='ltr'>vicanusnent·</span> 
     </span>
     <span class='ocr_line' id='line_1_23' title="bbox 131 2365 1343 2473; baseline -0.002 -17"><span class='ocrx_word' id='word_1_214' title='bbox 131 2400 284 2473; x_wconf 88' lang='lat' dir='ltr'>predictus,</span> <span class='ocrx_word' id='word_1_215' title='bbox 308 2418 420 2456; x_wconf 89' lang='lat' dir='ltr'>necnon</span> <span class='ocrx_word' id='word_1_216' title='bbox 447 2411 475 2456; x_wconf 92' lang='lat' dir='ltr'>et</span> <span class='ocrx_word' id='word_1_217' title='bbox 500 2418 552 2456; x_wconf 91' lang='lat' dir='ltr'>nos</span> <span class='ocrx_word' id='word_1_218' title='bbox 576 2401 694 2472; x_wconf 88' lang='lat' dir='ltr'>predicti</span> <span class='ocrx_word' id='word_1_219' title='bbox 722 2401 801 2456; x_wconf 91' lang='lat' dir='ltr'>Prior</span> <span class='ocrx_word' id='word_1_220' title='bbox 825 2412 853 2457; x_wconf 89' lang='lat' dir='ltr'>et</span> <span class='ocrx_word' id='word_1_221' title='bbox 878 2411 1035 2456; x_wconf 88' lang='lat' dir='ltr'>conuentus</span> <span class='ocrx_word' id='word_1_222' title='bbox 1060 2400 1176 2456; x_wconf 80' lang='lat' dir='ltr'>fratrum</span> <span class='ocrx_word' id='word_1_223' title='bbox 1206 2400 1242 2454; x_wconf 95' lang='lat' dir='ltr'>de</span> <span class='ocrx_word' id='word_1_224' title='bbox 1255 2365 1343 2470; x_wconf 50' lang='lat' dir='ltr'>fg&#39;ffib</span> 
     </span>
     <span class='ocr_line' id='line_1_24' title="bbox 133 2477 1352 2559; baseline -0.002 -15"><span class='ocrx_word' id='word_1_225' title='bbox 133 2489 266 2544; x_wconf 86' lang='lat' dir='ltr'>Carmelo</span> <span class='ocrx_word' id='word_1_226' title='bbox 279 2488 372 2558; x_wconf 86' lang='lat' dir='ltr'>sigilla</span> <span class='ocrx_word' id='word_1_227' title='bbox 385 2498 481 2544; x_wconf 84' lang='lat' dir='ltr'>nostra</span> <span class='ocrx_word' id='word_1_228' title='bbox 498 2489 564 2544; x_wconf 88' lang='lat' dir='ltr'>lruic</span> <span class='ocrx_word' id='word_1_229' title='bbox 581 2489 686 2559; x_wconf 89' lang='lat' dir='ltr'>scripto</span> <span class='ocrx_word' id='word_1_230' title='bbox 705 2491 733 2544; x_wconf 92' lang='lat' dir='ltr'>in</span> <span class='ocrx_word' id='word_1_231' title='bbox 751 2489 868 2545; x_wconf 92' lang='lat' dir='ltr'>modum</span> <span class='ocrx_word' id='word_1_232' title='bbox 884 2488 1023 2558; x_wconf 85' lang='lat' dir='ltr'>cirograffi</span> <span class='ocrx_word' id='word_1_233' title='bbox 1036 2488 1128 2543; x_wconf 91' lang='lat' dir='ltr'>diuiso</span> <span class='ocrx_word' id='word_1_234' title='bbox 1145 2498 1242 2543; x_wconf 91' lang='lat' dir='ltr'>mutuo</span> <span class='ocrx_word' id='word_1_235' title='bbox 1255 2477 1352 2521; x_wconf 50' lang='lat' dir='ltr'>&#39;⁶⁴¹⁸‘ss</span> 
     </span>
     <span class='ocr_line' id='line_1_25' title="bbox 133 2575 1242 2646; baseline -0.002 -15"><span class='ocrx_word' id='word_1_236' title='bbox 133 2575 265 2632; x_wconf 89' lang='lat' dir='ltr'>duximus</span> <span class='ocrx_word' id='word_1_237' title='bbox 280 2577 459 2646; x_wconf 88' lang='lat' dir='ltr'>apponenda.</span> <span class='ocrx_word' id='word_1_238' title='bbox 497 2578 606 2631; x_wconf 88' lang='lat' dir='ltr'>Datum</span> <span class='ocrx_word' id='word_1_239' title='bbox 620 2576 804 2646; x_wconf 86' lang='lat' dir='ltr'>Cantabrigie</span> <span class='ocrx_word' id='word_1_240' title='bbox 819 2593 895 2631; x_wconf 88' lang='lat' dir='ltr'>anno</span> <span class='ocrx_word' id='word_1_241' title='bbox 908 2575 1014 2631; x_wconf 86' lang='lat' dir='ltr'>domini</span> <span class='ocrx_word' id='word_1_242' title='bbox 1028 2583 1140 2630; x_wconf 87' lang='lat' dir='ltr'>.m⁰.cc⁰.</span> <span class='ocrx_word' id='word_1_243' title='bbox 1155 2591 1242 2629; x_wconf 89' lang='lat' dir='ltr'>nona·</span> 
     </span>
     <span class='ocr_line' id='line_1_26' title="bbox 133 2663 1089 2734; baseline 0 -16"><span class='ocrx_word' id='word_1_244' title='bbox 133 2665 244 2733; x_wconf 83' lang='lat' dir='ltr'>gesimo</span> <span class='ocrx_word' id='word_1_245' title='bbox 256 2675 358 2734; x_wconf 87' lang='lat' dir='ltr'>quarto</span> <span class='ocrx_word' id='word_1_246' title='bbox 370 2663 435 2733; x_wconf 84' lang='lat' dir='ltr'>.xij⁰.</span> <span class='ocrx_word' id='word_1_247' title='bbox 449 2663 503 2718; x_wconf 87' lang='lat' dir='ltr'>lral.</span> <span class='ocrx_word' id='word_1_248' title='bbox 517 2665 652 2734; x_wconf 70' lang='lat' dir='ltr'>januarii.</span> <span class='ocrx_word' id='word_1_249' title='bbox 1084 2715 1089 2732; x_wconf 72' lang='grc'>,</span> 
     </span>
    </p>

    <p class='ocr_par' dir='ltr' id='par_1_16' title="bbox 133 2751 1244 3261">
     <span class='ocr_line' id='line_1_27' title="bbox 188 2751 1243 2823; baseline 0 -17"><span class='ocrx_word' id='word_1_250' title='bbox 188 2753 251 2806; x_wconf 88' lang='lat' dir='ltr'>Nos</span> <span class='ocrx_word' id='word_1_251' title='bbox 262 2751 349 2822; x_wconf 83' lang='lat' dir='ltr'>igitur</span> <span class='ocrx_word' id='word_1_252' title='bbox 359 2753 485 2823; x_wconf 90' lang='lat' dir='ltr'>predicte</span> <span class='ocrx_word' id='word_1_253' title='bbox 501 2752 721 2822; x_wconf 85' lang='lat' dir='ltr'>composicionis</span> <span class='ocrx_word' id='word_1_254' title='bbox 733 2751 854 2808; x_wconf 80' lang='lat' dir='ltr'>formam</span> <span class='ocrx_word' id='word_1_255' title='bbox 866 2753 1015 2808; x_wconf 88' lang='lat' dir='ltr'>honestam</span> <span class='ocrx_word' id='word_1_256' title='bbox 1030 2751 1243 2807; x_wconf 84' lang='lat' dir='ltr'>considerantes</span> 
     </span>
     <span class='ocr_line' id='line_1_28' title="bbox 133 2840 1242 2913; baseline 0 -18"><span class='ocrx_word' id='word_1_257' title='bbox 133 2849 162 2895; x_wconf 90' lang='lat' dir='ltr'>et</span> <span class='ocrx_word' id='word_1_258' title='bbox 180 2841 232 2896; x_wconf 88' lang='lat' dir='ltr'>rite</span> <span class='ocrx_word' id='word_1_259' title='bbox 254 2840 412 2897; x_wconf 84' lang='lat' dir='ltr'>consectam</span> <span class='ocrx_word' id='word_1_260' title='bbox 435 2859 468 2897; x_wconf 85' lang='lat' dir='ltr'>ex</span> <span class='ocrx_word' id='word_1_261' title='bbox 491 2851 569 2896; x_wconf 84' lang='lat' dir='ltr'>certa</span> <span class='ocrx_word' id='word_1_262' title='bbox 589 2841 769 2897; x_wconf 87' lang='lat' dir='ltr'>consciencia</span> <span class='ocrx_word' id='word_1_263' title='bbox 788 2843 880 2913; x_wconf 87' lang='lat' dir='ltr'>ipsam</span> <span class='ocrx_word' id='word_1_264' title='bbox 902 2841 1069 2896; x_wconf 88' lang='lat' dir='ltr'>auctoritate</span> <span class='ocrx_word' id='word_1_265' title='bbox 1089 2841 1242 2912; x_wconf 87' lang='lat' dir='ltr'>pontificali</span> 
     </span>
     <span class='ocr_line' id='line_1_29' title="bbox 134 2929 1242 3000; baseline 0 -18"><span class='ocrx_word' id='word_1_266' title='bbox 134 2935 231 2983; x_wconf 86' lang='lat' dir='ltr'>tenore</span> <span class='ocrx_word' id='word_1_267' title='bbox 244 2929 421 2999; x_wconf 87' lang='lat' dir='ltr'>presencium</span> <span class='ocrx_word' id='word_1_268' title='bbox 439 2929 647 2997; x_wconf 85' lang='lat' dir='ltr'>confirmamus,</span> <span class='ocrx_word' id='word_1_269' title='bbox 661 2942 688 2985; x_wconf 89' lang='lat' dir='ltr'>et</span> <span class='ocrx_word' id='word_1_270' title='bbox 706 2929 876 3000; x_wconf 89' lang='lat' dir='ltr'>precipimus</span> <span class='ocrx_word' id='word_1_271' title='bbox 894 2929 1051 2984; x_wconf 90' lang='lat' dir='ltr'>secundum</span> <span class='ocrx_word' id='word_1_272' title='bbox 1068 2946 1183 2985; x_wconf 91' lang='lat' dir='ltr'>omnem</span> <span class='ocrx_word' id='word_1_273' title='bbox 1200 2931 1242 2984; x_wconf 88' lang='lat' dir='ltr'>sui</span> 
     </span>
     <span class='ocr_line' id='line_1_30' title="bbox 134 3017 1244 3089; baseline 0 -17"><span class='ocrx_word' id='word_1_274' title='bbox 134 3027 261 3072; x_wconf 86' lang='lat' dir='ltr'>tenorem</span> <span class='ocrx_word' id='word_1_275' title='bbox 296 3017 438 3089; x_wconf 91' lang='lat' dir='ltr'>perpetuis</span> <span class='ocrx_word' id='word_1_276' title='bbox 468 3017 643 3089; x_wconf 89' lang='lat' dir='ltr'>temporibus</span> <span class='ocrx_word' id='word_1_277' title='bbox 675 3018 874 3074; x_wconf 90' lang='lat' dir='ltr'>inuiolabiliter</span> <span class='ocrx_word' id='word_1_278' title='bbox 903 3018 1056 3083; x_wconf 84' lang='lat' dir='ltr'>obsemari,</span> <span class='ocrx_word' id='word_1_279' title='bbox 1087 3018 1140 3072; x_wconf 88' lang='lat' dir='ltr'>sub</span> <span class='ocrx_word' id='word_1_280' title='bbox 1170 3035 1244 3088; x_wconf 87' lang='lat' dir='ltr'>pena</span> 
     </span>
     <span class='ocr_line' id='line_1_31' title="bbox 134 3105 1243 3179; baseline 0.002 -19"><span class='ocrx_word' id='word_1_281' title='bbox 134 3105 251 3160; x_wconf 87' lang='lat' dir='ltr'>maioris</span> <span class='ocrx_word' id='word_1_282' title='bbox 273 3107 586 3174; x_wconf 86' lang='lat' dir='ltr'>excommunicacionis,</span> <span class='ocrx_word' id='word_1_283' title='bbox 608 3124 694 3178; x_wconf 89' lang='lat' dir='ltr'>quam</span> <span class='ocrx_word' id='word_1_284' title='bbox 719 3107 886 3179; x_wconf 80' lang='lat' dir='ltr'>proferimus</span> <span class='ocrx_word' id='word_1_285' title='bbox 909 3108 937 3162; x_wconf 91' lang='lat' dir='ltr'>in</span> <span class='ocrx_word' id='word_1_286' title='bbox 959 3107 1128 3179; x_wconf 87' lang='lat' dir='ltr'>omnesqui</span> <span class='ocrx_word' id='word_1_287' title='bbox 1151 3107 1243 3164; x_wconf 91' lang='lat' dir='ltr'>eidem</span> 
     </span>
     <span class='ocr_line' id='line_1_32' title="bbox 134 3188 1032 3261; baseline 0.003 -18"><span class='ocrx_word' id='word_1_288' title='bbox 134 3188 310 3245; x_wconf 80' lang='lat' dir='ltr'>ordinacioni</span> <span class='ocrx_word' id='word_1_289' title='bbox 325 3189 352 3244; x_wconf 94' lang='lat' dir='ltr'>in</span> <span class='ocrx_word' id='word_1_290' title='bbox 366 3190 461 3261; x_wconf 87' lang='lat' dir='ltr'>aliqua</span> <span class='ocrx_word' id='word_1_291' title='bbox 474 3191 516 3245; x_wconf 89' lang='lat' dir='ltr'>sui</span> <span class='ocrx_word' id='word_1_292' title='bbox 530 3201 611 3260; x_wconf 86' lang='lat' dir='ltr'>parte</span> <span class='ocrx_word' id='word_1_293' title='bbox 624 3202 730 3247; x_wconf 90' lang='lat' dir='ltr'>temere</span> <span class='ocrx_word' id='word_1_294' title='bbox 743 3192 872 3247; x_wconf 87' lang='lat' dir='ltr'>duxerint</span> <span class='ocrx_word' id='word_1_295' title='bbox 885 3191 1032 3247; x_wconf 88' lang='lat' dir='ltr'>contraire.</span> 
     </span>
    </p>

    <p class='ocr_par' dir='ltr' id='par_1_17' title="bbox 191 3278 1409 3352">
     <span class='ocr_line' id='line_1_33' title="bbox 191 3278 1409 3352; baseline 0.003 -20"><span class='ocrx_word' id='word_1_296' title='bbox 191 3278 224 3332; x_wconf 95' lang='lat' dir='ltr'>ln</span> <span class='ocrx_word' id='word_1_297' title='bbox 246 3279 325 3333; x_wconf 89' lang='lat' dir='ltr'>cuius</span> <span class='ocrx_word' id='word_1_298' title='bbox 347 3279 385 3332; x_wconf 91' lang='lat' dir='ltr'>rei</span> <span class='ocrx_word' id='word_1_299' title='bbox 407 3278 602 3336; x_wconf 89' lang='lat' dir='ltr'>testimonium</span> <span class='ocrx_word' id='word_1_300' title='bbox 623 3281 747 3352; x_wconf 80' lang='lat' dir='ltr'>presenti</span> <span class='ocrx_word' id='word_1_301' title='bbox 770 3281 875 3351; x_wconf 91' lang='lat' dir='ltr'>scripto</span> <span class='ocrx_word' id='word_1_302' title='bbox 897 3279 1019 3350; x_wconf 83' lang='lat' dir='ltr'>sigillum</span> <span class='ocrx_word' id='word_1_303' title='bbox 1044 3290 1172 3336; x_wconf 91' lang='lat' dir='ltr'>nostrum</span> <span class='ocrx_word' id='word_1_304' title='bbox 1195 3299 1242 3352; x_wconf 87' lang='lat' dir='ltr'>ap</span> <span class='ocrx_word' id='word_1_305' title='bbox 1257 3283 1409 3335; x_wconf 67' lang='lat' dir='ltr'>Thethot’</span> 
     </span>
    </p>
   </div>
   <div class='ocr_carea' id='block_1_16' title="bbox 137 3332 1407 3441">
    <p class='ocr_par' dir='ltr' id='par_1_18' title="bbox 137 3332 1407 3441">
     <span class='ocr_line' id='line_1_34' title="bbox 137 3332 1407 3441; baseline 0.005 -21"><span class='ocrx_word' id='word_1_306' title='bbox 137 3365 288 3437; x_wconf 88' lang='lat' dir='ltr'>posuimus.</span> <span class='ocrx_word' id='word_1_307' title='bbox 327 3369 434 3422; x_wconf 89' lang='lat' dir='ltr'>Datum</span> <span class='ocrx_word' id='word_1_308' title='bbox 451 3369 529 3440; x_wconf 90' lang='lat' dir='ltr'>apud</span> <span class='ocrx_word' id='word_1_309' title='bbox 547 3369 665 3426; x_wconf 93' lang='lat' dir='ltr'>Dittone</span> <span class='ocrx_word' id='word_1_310' title='bbox 681 3381 783 3441; x_wconf 86' lang='lat' dir='ltr'>quarto</span> <span class='ocrx_word' id='word_1_311' title='bbox 801 3369 863 3425; x_wconf 88' lang='lat' dir='ltr'>idus</span> <span class='ocrx_word' id='word_1_312' title='bbox 880 3367 1033 3439; x_wconf 86' lang='lat' dir='ltr'>Februarij‚</span> <span class='ocrx_word' id='word_1_313' title='bbox 1047 3386 1123 3424; x_wconf 91' lang='lat' dir='ltr'>anno</span> <span class='ocrx_word' id='word_1_314' title='bbox 1137 3369 1243 3426; x_wconf 91' lang='lat' dir='ltr'>domini</span> <span class='ocrx_word' id='word_1_315' title='bbox 1257 3332 1407 3434; x_wconf 40' lang='lat' dir='ltr'>diffisis</span> 
     </span>
    </p>
   </div>
   <div class='ocr_carea' id='block_1_17' title="bbox 137 3435 1395 3538">
    <p class='ocr_par' dir='ltr' id='par_1_19' title="bbox 137 3435 1395 3538">
     <span class='ocr_line' id='line_1_35' title="bbox 137 3435 1395 3538; baseline -0.01 -28"><span class='ocrx_word' id='word_1_316' title='bbox 137 3463 239 3510; x_wconf 88' lang='lat' dir='ltr'>m⁰.cc⁰.</span> <span class='ocrx_word' id='word_1_317' title='bbox 253 3455 440 3524; x_wconf 86' lang='lat' dir='ltr'>nonagesimo</span> <span class='ocrx_word' id='word_1_318' title='bbox 452 3467 553 3526; x_wconf 90' lang='lat' dir='ltr'>quarto</span> <span class='ocrx_word' id='word_1_319' title='bbox 565 3467 593 3513; x_wconf 94' lang='lat' dir='ltr'>et</span> <span class='ocrx_word' id='word_1_320' title='bbox 609 3455 793 3512; x_wconf 84' lang='lat' dir='ltr'>Pontificatus</span> <span class='ocrx_word' id='word_1_321' title='bbox 805 3456 893 3513; x_wconf 86' lang='lat' dir='ltr'>nostri</span> <span class='ocrx_word' id='word_1_322' title='bbox 908 3456 1015 3527; x_wconf 92' lang='lat' dir='ltr'>quinto.</span> <span class='ocrx_word' id='word_1_323' title='bbox 1258 3435 1395 3538; x_wconf 33' lang='lat' dir='ltr'>Q&amp;</span> 
     </span>
    </p>
   </div>
   <div class='ocr_carea' id='block_1_18' title="bbox 1350 861 1384 902">
    <p class='ocr_par' dir='ltr' id='par_1_20' title="bbox 1350 861 1384 902">
     <span class='ocr_line' id='line_1_36' title="bbox 1350 861 1384 902; baseline 0.029 -1"><span class='ocrx_word' id='word_1_324' title='bbox 1350 861 1384 902; x_wconf 86' lang='lat' dir='ltr'>nn</span> 
     </span>
    </p>
   </div>
   <div class='ocr_carea' id='block_1_19' title="bbox 296 3725 1088 3809">
    <p class='ocr_par' dir='ltr' id='par_1_21' title="bbox 296 3725 1088 3809">
     <span class='ocr_line' id='line_1_37' title="bbox 296 3725 1088 3809; baseline 0.003 -20"><span class='ocrx_word' id='word_1_325' title='bbox 296 3743 343 3809; x_wconf 91' lang='lat'>19.</span> <span class='ocrx_word' id='word_1_326' title='bbox 386 3725 439 3789; x_wconf 82' lang='lat' dir='ltr'>De</span> <span class='ocrx_word' id='word_1_327' title='bbox 461 3725 680 3792; x_wconf 83' lang='lat' dir='ltr'>mutabilitate</span> <span class='ocrx_word' id='word_1_328' title='bbox 693 3728 849 3808; x_wconf 84' lang='lat' dir='ltr'>fratrum</span> <span class='ocrx_word' id='word_1_329' title='bbox 871 3727 910 3790; x_wconf 85' lang='lat' dir='ltr'>de</span> <span class='ocrx_word' id='word_1_330' title='bbox 935 3725 1088 3793; x_wconf 74' lang='lat' dir='ltr'>Cannelo.</span> 
     </span>
    </p>
   </div>
   <div class='ocr_carea' id='block_1_20' title="bbox 206 3875 1405 3982">
    <p class='ocr_par' dir='ltr' id='par_1_22' title="bbox 206 3875 1405 3982">
     <span class='ocr_line' id='line_1_38' title="bbox 206 3875 1405 3982; baseline 0.008 -42"><span class='ocrx_word' id='word_1_331' title='bbox 206 3877 336 3941; x_wconf 87' lang='lat' dir='ltr'>Fratres</span> <span class='ocrx_word' id='word_1_332' title='bbox 358 3879 401 3940; x_wconf 91' lang='lat' dir='ltr'>de</span> <span class='ocrx_word' id='word_1_333' title='bbox 424 3875 580 3943; x_wconf 78' lang='lat' dir='ltr'>Car-melo</span> <span class='ocrx_word' id='word_1_334' title='bbox 602 3877 692 3959; x_wconf 91' lang='lat' dir='ltr'>prius</span> <span class='ocrx_word' id='word_1_335' title='bbox 715 3877 914 3943; x_wconf 84' lang='lat' dir='ltr'>habitabant</span> <span class='ocrx_word' id='word_1_336' title='bbox 936 3880 1025 3962; x_wconf 84' lang='lat' dir='ltr'>apud</span> <span class='ocrx_word' id='word_1_337' title='bbox 1048 3879 1245 3945; x_wconf 89' lang='lat' dir='ltr'>Cestertone</span> <span class='ocrx_word' id='word_1_338' title='bbox 1258 3887 1405 3982; x_wconf 57' lang='lat' dir='ltr'>gffig„</span> 
     </span>
    </p>
   </div>
   <div class='ocr_carea' id='block_1_21' title="bbox 139 3981 1398 4090">
    <p class='ocr_par' dir='ltr' id='par_1_23' title="bbox 139 3981 1398 4090">
     <span class='ocr_line' id='line_1_39' title="bbox 139 3981 1398 4090; baseline 0.006 -45"><span class='ocrx_word' id='word_1_339' title='bbox 139 3982 172 4045; x_wconf 90' lang='lat' dir='ltr'>in</span> <span class='ocrx_word' id='word_1_340' title='bbox 187 3981 260 4046; x_wconf 92' lang='lat' dir='ltr'>loco</span> <span class='ocrx_word' id='word_1_341' title='bbox 271 3983 328 4066; x_wconf 91' lang='lat' dir='ltr'>qui</span> <span class='ocrx_word' id='word_1_342' title='bbox 340 3982 530 4066; x_wconf 88' lang='lat' dir='ltr'>appellatur</span> <span class='ocrx_word' id='word_1_343' title='bbox 542 3982 574 4047; x_wconf 85' lang='lat' dir='ltr'>la</span> <span class='ocrx_word' id='word_1_344' title='bbox 586 3981 715 4059; x_wconf 88' lang='lat' dir='ltr'>Carme,</span> <span class='ocrx_word' id='word_1_345' title='bbox 727 3992 761 4046; x_wconf 91' lang='lat' dir='ltr'>et</span> <span class='ocrx_word' id='word_1_346' title='bbox 773 3983 961 4048; x_wconf 89' lang='lat' dir='ltr'>habuerunt</span> <span class='ocrx_word' id='word_1_347' title='bbox 972 3984 1094 4066; x_wconf 79' lang='lat' dir='ltr'>singuli</span> <span class='ocrx_word' id='word_1_348' title='bbox 1110 3985 1245 4049; x_wconf 91' lang='lat' dir='ltr'>cellulas</span> <span class='ocrx_word' id='word_1_349' title='bbox 1258 3985 1398 4090; x_wconf 52' lang='lat' dir='ltr'>{¹532ng</span> 
     </span>
    </p>
   </div>
   <div class='ocr_carea' id='block_1_22' title="bbox 138 4085 1402 4379">
    <p class='ocr_par' dir='ltr' id='par_1_24' title="bbox 138 4085 1402 4379">
     <span class='ocr_line' id='line_1_40' title="bbox 138 4085 1402 4182; baseline 0.003 -34"><span class='ocrx_word' id='word_1_350' title='bbox 138 4085 295 4168; x_wconf 84' lang='lat' dir='ltr'>singulas.</span> <span class='ocrx_word' id='word_1_351' title='bbox 341 4087 462 4150; x_wconf 88' lang='lat' dir='ltr'>Postea</span> <span class='ocrx_word' id='word_1_352' title='bbox 491 4106 527 4150; x_wconf 89' lang='lat' dir='ltr'>se</span> <span class='ocrx_word' id='word_1_353' title='bbox 556 4086 796 4151; x_wconf 90' lang='lat' dir='ltr'>transtulerunt</span> <span class='ocrx_word' id='word_1_354' title='bbox 827 4107 933 4170; x_wconf 92' lang='lat' dir='ltr'>usque</span> <span class='ocrx_word' id='word_1_355' title='bbox 962 4087 1005 4150; x_wconf 90' lang='lat' dir='ltr'>ad</span> <span class='ocrx_word' id='word_1_356' title='bbox 1037 4087 1402 4182; x_wconf 53' lang='lat' dir='ltr'>Newenhamglffjgglgf‘</span> 
     </span>
     <span class='ocr_line' id='line_1_41' title="bbox 138 4189 1244 4276; baseline 0.001 -22"><span class='ocrx_word' id='word_1_357' title='bbox 138 4200 235 4255; x_wconf 90' lang='lat' dir='ltr'>extra</span> <span class='ocrx_word' id='word_1_358' title='bbox 248 4189 507 4276; x_wconf 87' lang='lat' dir='ltr'>Cantebrigiam,</span> <span class='ocrx_word' id='word_1_359' title='bbox 517 4200 550 4256; x_wconf 90' lang='lat' dir='ltr'>et</span> <span class='ocrx_word' id='word_1_360' title='bbox 560 4190 710 4254; x_wconf 81' lang='lat' dir='ltr'>fecerunt</span> <span class='ocrx_word' id='word_1_361' title='bbox 722 4191 766 4255; x_wconf 92' lang='lat' dir='ltr'>ibi</span> <span class='ocrx_word' id='word_1_362' title='bbox 779 4191 916 4256; x_wconf 86' lang='lat' dir='ltr'>cellulas</span> <span class='ocrx_word' id='word_1_363' title='bbox 928 4192 1047 4276; x_wconf 70' lang='lat' dir='ltr'>plures</span> <span class='ocrx_word' id='word_1_364' title='bbox 1056 4192 1244 4257; x_wconf 88' lang='lat' dir='ltr'>ecclesiam-</span> 
     </span>
     <span class='ocr_line' id='line_1_42' title="bbox 138 4280 1246 4379; baseline 0.001 -21"><span class='ocrx_word' id='word_1_365' title='bbox 138 4315 204 4379; x_wconf 92' lang='lat' dir='ltr'>que</span> <span class='ocrx_word' id='word_1_366' title='bbox 219 4295 398 4359; x_wconf 89' lang='lat' dir='ltr'>claustrum</span> <span class='ocrx_word' id='word_1_367' title='bbox 417 4305 449 4359; x_wconf 93' lang='lat' dir='ltr'>et</span> <span class='ocrx_word' id='word_1_368' title='bbox 465 4295 707 4370; x_wconf 86' lang='lat' dir='ltr'>dormitorium,</span> <span class='ocrx_word' id='word_1_369' title='bbox 722 4304 755 4358; x_wconf 90' lang='lat' dir='ltr'>et</span> <span class='ocrx_word' id='word_1_370' title='bbox 774 4293 924 4359; x_wconf 88' lang='lat' dir='ltr'>officinas</span> <span class='ocrx_word' id='word_1_371' title='bbox 945 4280 1145 4360; x_wconf 84' lang='lat' dir='ltr'>necessarias</span> <span class='ocrx_word' id='word_1_372' title='bbox 1165 4297 1246 4360; x_wconf 87' lang='lat' dir='ltr'>satis</span> 
     </span>
    </p>
   </div>
   <div class='ocr_carea' id='block_1_23' title="bbox 140 4399 1247 4484">
    <p class='ocr_par' dir='ltr' id='par_1_25' title="bbox 140 4399 1247 4484">
     <span class='ocr_line' id='line_1_43' title="bbox 140 4399 1247 4484; baseline 0 -21"><span class='ocrx_word' id='word_1_373' title='bbox 140 4399 297 4464; x_wconf 89' lang='lat' dir='ltr'>honestas</span> <span class='ocrx_word' id='word_1_374' title='bbox 319 4408 587 4472; x_wconf 85' lang='lat' dir='ltr'>construxerunt,</span> <span class='ocrx_word' id='word_1_375' title='bbox 608 4409 642 4462; x_wconf 90' lang='lat' dir='ltr'>et</span> <span class='ocrx_word' id='word_1_376' title='bbox 667 4399 791 4464; x_wconf 90' lang='lat' dir='ltr'>ibidem</span> <span class='ocrx_word' id='word_1_377' title='bbox 815 4421 873 4484; x_wconf 89' lang='lat' dir='ltr'>per</span> <span class='ocrx_word' id='word_1_378' title='bbox 895 4400 1117 4482; x_wconf 87' lang='lat' dir='ltr'>quadraginta</span> <span class='ocrx_word' id='word_1_379' title='bbox 1141 4421 1247 4464; x_wconf 90' lang='lat' dir='ltr'>annos</span> 
     </span>
    </p>
   </div>
   <div class='ocr_carea' id='block_1_24' title="bbox 1070 4547 1164 4604">
    <p class='ocr_par' dir='ltr' id='par_1_26' title="bbox 1070 4547 1164 4604">
     <span class='ocr_line' id='line_1_44' title="bbox 1070 4547 1164 4604; baseline 0.021 -18"><span class='ocrx_word' id='word_1_380' title='bbox 1070 4547 1164 4604; x_wconf 85' lang='lat'>14-—2</span> 
     </span>
    </p>
   </div>
   <div class='ocr_carea' id='block_1_25' title="bbox 0 0 1605 5102">
    <p class='ocr_par' dir='ltr' id='par_1_27' title="bbox 0 0 1605 5102">
     <span class='ocr_line' id='line_1_45' title="bbox 0 0 1605 5102; baseline 0 0"><span class='ocrx_word' id='word_1_381' title='bbox 0 0 1605 5102; x_wconf 95' lang='lat' dir='ltr'> </span> 
     </span>
    </p>
   </div>
  </div>
 </body>
</html>
