3222 5086
339 397 406 488 138
600 393 638 468 T
632 393 677 468 lte
702 403 911 494 customary
934 394 1090 472 services
1114 397 1162 495 os
1322 397 1442 498 [soon

333 579 360 626 et
383 568 481 624 slede
505 585 581 652 anno
603 569 632 625 in
653 585 761 626 annom
784 588 836 642 per
859 588 967 654 annum
987 573 1062 652 ¹dum
1087 589 1199 630 marcas
1220 575 1312 632 donec
1333 576 1442 632 dictum

335 656 463 713 debitum
480 660 667 728 persoluetur
705 660 737 714 ln
755 662 847 715 rotulo
863 659 1007 717 tricesimo
1023 659 1111 718 tercio
1129 679 1204 718 anno
1218 647 1305 734 Regis
1320 664 1443 728 Henrici

257 751 318 814 ep
333 745 412 816 tercij
433 735 589 801 allocantu'r
606 745 658 817 pro
677 746 772 802 Priore
791 748 827 802 de
847 747 1018 809 Ber'ne'welle
1037 750 1074 806 de
1092 749 1189 812 debito
1206 751 1312 821 Rogeri
1332 751 1443 808 Giffard

333 845 454 906 quatuor
471 835 542 890 libre
559 844 589 890 et
601 851 662 889 vna
680 853 796 902 marca;
816 837 844 892 in
862 839 954 893 rotulo
971 847 1082 894 xxx⁰.v⁰.
1100 839 1257 895 allocantur
1272 853 1324 910 pro
1340 841 1442 896 eodem

335 921 432 977 Priore
452 923 489 978 de
506 922 615 979 eisdem
634 923 738 980 debitis
755 925 890 997 predictis
901 937 1029 999 quatuor
1046 927 1117 984 libre
1135 939 1164 984 et
1181 945 1199 982 x
1221 927 1324 984 solidi:
1349 939 1378 984 et
1399 929 1441 984 sic

333 1011 445 1084 quietus
463 1009 506 1068 es't
526 1011 612 1067 Prior.
633 1065 634 1068 ,
1269 1031 1273 1038 ·

390 1313 438 1381 57.
483 1301 535 1366 De
549 1300 670 1384 placito
690 1311 802 1366 contra
824 1299 993 1366 dominum
1015 1267 1156 1366 Petrum
1178 1300 1217 1366 de
1241 1299 1399 1368 chamut·

651 1405 870 1503 proterur'cr'o
891 1404 931 1470 de
952 1405 1116 1487 Impetone
1386 1430 1391 1438 ·

168 1597 303 1691 gggnwgn
398 1577 621 1660 Temporibus
651 1574 779 1640 domini
816 1574 981 1658 Symonis'
1011 1577 1056 1640 de'
1092 1575 1214 1652 Insula,
1244 1579 1295 1640 et'
1312 1575 1442 1640 domini

165 1698 269 1802 mli
334 1681 478 1764 Philippi
502 1681 545 1744 de
569 1680 683 1745 Insula
705 1681 810 1765 patris
832 1681 912 1758 eius,
935 1690 968 1745 et
991 1683 1238 1745 antecessorum
1262 1687 1397 1744 suorum
1421 1688 1441 1743 a

165 1799 279 1892 gffiq
331 1794 484 1868 tempore
510 1805 578 1868 quo
605 1803 673 1848 non
699 1793 796 1850 extat
820 1785 990 1860 memoria,
1012 1783 1166 1849 solebant
1185 1777 1301 1848 villani
1324 1765 1374 1849 sui
1398 1783 1441 1847 de

165 1899 295 1992 {geum-
330 1889 510 1976 lmpetone
530 1887 639 1952 iacere
658 1889 836 1954 seruiciuni
859 1888 902 1953 ad
918 1889 1109 1954 'manerium
1127 1891 1230 1972 Regis
1252 1891 1294 1954 de
1304 1889 1441 1955 Cester·

164 2011 274 2102 3223
330 2003 429 2058 tone:
467 1991 621 2057 videlicet
656 2013 794 2071 arruras,
827 1989 1025 2059 falcacione's
1061 1993 1157 2080 prati,
1187 1993 1369 2058 messiones
1406 1993 1439 2058 in

163 2100 278 2205 *1¹33ss
284 2101 312 2145 οῖ
331 2099 526 2181 autumpno,
549 2095 691 2178 gallinas
717 2097 761 2160 ad
786 2096 918 2174 Natale‚
941 2117 1006 2162 oua
1030 2096 1074 2163 ad
1100 2097 1237 2175 Pascha,
1264 2118 1368 2182 panes
1395 2097 1438 2162 ad

163 2205 216 2244 ²⁰¹¹·
330 2223 415 2286 opus
447 2200 600 2266 messoris
631 2200 674 2265 ad
706 2200 844 2278 Natale,'
868 2209 902 2265 et
932 2202 1052 2286 garbas
1088 2201 1347 2286 in‘autumpno,
1378 2222 1440 2285 pro

154 2297 157 2304 ’
329 2305 484 2371 habenda
504 2307 684 2370 commune
704 2326 780 2369 cum
802 2304 924 2389 auerijs
944 2307 1012 2369 suis
1034 2307 1067 2369 in
1088 2307 1225 2390 pastu'ra
1245 2308 1289 2370 d'e
1307 2306 1439 2372 cester-

328 2417 416 2476 tone.
461 2410 621 2474 Processu
648 2430 728 2474 uero
753 2411 914 2494 temporis
930 2410 1093 2477 'vendidit
1118 2410 1275 2475 dominus
1307 2409 1437 2493 Symon

328 2514 371 2578 de
393 2513 508 2578 lhsula
529 2513 714 2579 manerium
735 2535 832 2579 suum
847 2514 899 2580 'de
924 2509 1101 2598 Impetone
1123 2536 1200 2580 cum
1223 2514 1438 2598 pertinenciis

327 2619 467 2685 domino
488 2619 588 2684 Petro
610 2620 653 2683 de
674 2619 830 2686 Chauent
850 2632 885 2684 et
904 2618 1171 2685 heredibus'suis
1192 2621 1437 2705 inperpetuum.

329 2723 501 2788 Predictus
524 2743 604 2787 uero
627 2721 774 2808 P[etrus]
797 2724 968 2808 prohibuit
988 2723 1120 2789 villanis
1140 2724 1208 2790 suis
1229 2745 1272 2788 ne
1292 2724 1437 2808 amplius

327 2826 474 2893 lacerent
492 2827 642 2911 predicta
662 2827 802 2892 seruicia
823 2827 971 2893 manerio
992 2828 1095 2912 Regis
1116 2829 1159 2892 de
1180 2827 1385 2918 Ceste'rtone,
1403 2837 1437 2893 et

326 2929 374 2994 sic
397 2932 569 2995 subtracta
594 2939 690 2995 erant
716 2931 855 2996 seruitia
875 2931 1052 2997 'antedicta
1076 2939 1146 3015 p'er’
1162 2931 1287 2997 multos
1311 2949 1437 2998 annos:

327 3033 420 3099 Prior
435 3045 548 3099 tamen
570 3035 613 3100 de
634 3034 837 3100 Bemewelle
857 3033 937 3100 lecit
956 3035 1155 3118 distringere
1170 3033 1279 3098 dictos
1293 3035 1435 3099 villanos

325 3139 369 3204 de
400 3139 569 3222 lmpitone
599 3159 660 3222 pro
691 3138 789 3204 dictis
819 3137 977 3222 seruicijs,
1004 3147 1037 3203 et
1066 3138 1177 3202 'dictus
1209 3138 1333 3204 Petrus·
1356 3138 1435 3204 fecit

324 3242 437 3308 aueria
458 3241 641 3326 replegiare
662 3243 830 3325 usquead
852 3241 1061 3308 Comitatum
1083 3241 1305 3325 Cantebrigie,
1320 3252 1354 3306 et
1375 3263 1435 3326 per

323 3348 426 3414 breue
455 3347 546 3430 quod
577 3348 698 3412 dicitur
719 3357 805 3430 pone
830 3347 1018 3431 ponebatur
1048 3347 1181 3431 loquela
1198 3348 1253 3413 'ad
1282 3347 1432 3412 Bancum

323 3451 414 3536 apud
427 3451 774 3518 westmonasterium.
821 3449 939 3533 Ibique
956 3451 1018 3514 fuit
1030 3449 1191 3533 placitum
1204 3451 1290 3516 inter
1304 3451 1431 3516 dictum

324 3555 471 3622 Priorem
495 3562 529 3618 et
551 3553 679 3618 dictum
703 3555 839 3619 Petrum
862 3554 905 3618 de
929 3553 1084 3622 Chauent
1106 3553 1303 3637 perdecem
1325 3575 1432 3620 annos

322 3669 356 3726 et
379 3658 533 3741 amplius,
555 3666 590 3723 et
611 3658 749 3723 tandem
772 3668 956 3742 posuerunt
977 3677 1014 3722 se
1036 3677 1136 3741 super
1158 3657 1310 3742 patriam.

616 3959 665 4036 5'8.
714 3953 889 4030 Juratores
911 3953 954 4019 de'
971 3953 1136 4038 Impr'tone.

152 4134 287 4228 gerqugffl
388 4129 508 4194 Postea
533 4126 567 4192 in
598 4127 727 4194 octabis
756 4127 864 4194 sancti
894 4126 1070 4194 Michaelis
1099 4131 1189 4191 an‘no
1219 4127 1311 4211 regni
1342 4129 1430 4212 regis

150 4233 296 4336 {ggffiffl
321 4233 500 4322 Eadwardi
516 4233 609 4302 ,xii⁰.
624 4241 788 4298 venerunt
805 4217 972 4315 juratores
992 4233 1050 4315 qui
1069 4231 1186 4296 dicunt
1206 4250 1306 4315 super
1321 4251 1429 4297 sacra·

151 4335 241 4433 ξζῗξξῑ
319 4347 481 4406 mentum.
501 4357 599 4404 suum
630 4338 721 4422 quod
751 4337 893 4422 quilibet
922 4336 1065 4404 villanus
1095 4347 1218 4402 terram
1249 4345 1367 4402 tenens
1393 4337 1429 4402 in

150 4434 269 4522 ‘’m’'
320 4441 498 4526 Impetone
517 4443 619 4508 debet
638 4443 720 4506 dare
740 4440 783 4507 de
801 4439 885 4526 jure,
901 4449 935 4506 et
956 4459 976 4504 a
996 4451 1149 4524 tempore
1163 4459 1232 4524 quo
1247 4459 1314 4502 non
1331 4448 1429 4505 extat
