3192 5102
340 335 410 424 238
529 330 738 404 Hundreds
764 331 804 404 in
833 329 974 404 Cambs,
1003 327 1084 402 and
1103 327 1246 402 Hunts.
1321 322 1447 428 [soon

654 1175 825 1248 Lmen
861 1173 1135 1269 Qururus

404 1367 486 1431 This
505 1367 595 1430 book
618 1365 771 1430 contains
791 1364 872 1446 only
887 1373 1037 1428 extracts
1059 1363 1142 1427 irorn
1159 1363 1245 1426 Acts
1266 1361 1304 1425 of
1322 1361 1443 1425 Pariia-

339 1481 440 1546 ment,
455 1471 522 1535 and
538 1471 703 1536 therefore
718 1471 780 1534 has
796 1481 855 1533 not
871 1470 955 1534 been
972 1470 1114 1552 printed.

673 1915 844 1991 LIBER
880 1915 1113 1991 SEXTUS.

246 2111 263 2162 f.
281 2125 324 2173 14α
408 2119 445 2183 ln
465 2117 659 2183 Hundredis
679 2119 819 2183 diuersis
838 2119 940 2184 habet
956 2119 1050 2182 Prior
1064 2120 1108 2184 de
1125 2118 1326 2182 Bernewelle
1341 2127 1445 2182 terras

176 2201 200 2291 ii
203 2200 277 2292 ”edm
256 2199 317 2290 “i‘.
339 2233 373 2290 et
399 2233 601 2300 tenementa,
625 2234 779 2290 tenentes
802 2235 837 2289 et
864 2225 1022 2302 redditus,
1049 2225 1188 2288 seruicia
1217 2233 1251 2287 et
1277 2223 1444 2304 homagia,

174 2300 307 2441 ῗιῖιῖιιῖἱ
258 2305 325 2341 ”¹¹¹⁸
339 2330 596 2394 consuetudines
623 2340 656 2394 et
683 2330 842 2410 villanos;
879 2329 936 2393 sed
969 2330 1046 2413 quia
1077 2329 1217 2392 ministri
1242 2327 1445 2392 vicecomitis

174 2399 319 2543 {tr-tuomum
339 2435 528 2517 frequenter
564 2434 689 2500 faciunt
726 2436 948 2500 districtiones
985 2435 1191 2499 uoluntarias
1227 2443 1261 2498 et
1297 2434 1445 2508 iniustas,

192 2513 237 2544 ω
340 2537 504 2622 quosdam
520 2537 669 2603 indebite
679 2539 925 2620 distringentes,
936 2549 970 2602 et
987 2539 1152 2622 aliquibus
1163 2540 1220 2621 qui
1234 2539 1319 2602 iuste
1334 2547 1445 2601 essent

339 2643 559 2725 distringendi
583 2652 765 2727 parcentes
782 2663 823 2706 ne
843 2641 886 2706 de
906 2653 1018 2707 cetero
1036 2644 1128 2706 Prior
1151 2643 1202 2707 uel
1226 2651 1379 2706 tenentes
1394 2642 1444 2704 sui

339 2769 398 2830 per
423 2747 614 2812 huiusmodi
642 2748 867 2812 districtiones
899 2749 1020 2812 iniuste
1049 2757 1230 2829 grauentur
1260 2767 1320 2829 pro
1346 2747 1445 2809 sectis

338 2853 518 2916 comitatus
541 2852 592 2916 vel
616 2853 790 2929 hundredi,
809 2852 937 2917 auxilio
959 2853 1164 2916 vicecomitis
1186 2861 1220 2915 et
1243 2871 1444 2935 warpennes,

339 2957 371 3019 in
396 2956 459 3020 hoc
481 2957 643 3040 opusculo
667 2956 729 3021 fuit
753 2957 834 3021 vtile
859 2956 1001 3020 scribere
1027 2955 1164 3020 nomina
1186 2954 1444 3030 hundredorum,

339 3060 528 3125 tenenciurn
545 3070 579 3125 et
593 3071 862 3125 tenementorum
878 3080 944 3144 que
958 3059 1150 3125 huiusmodi
1167 3061 1306 3124 seruicia
1321 3060 1444 3124 debent

340 3163 456 3242 facere,
466 3175 501 3229 et
512 3164 556 3229 ab
570 3167 710 3249 antiquo
723 3165 831 3230 facere
840 3173 1091 3229 consueuerunt.
1132 3163 1203 3228 Nec
1219 3164 1388 3248 oportebit
1402 3166 1444 3228 de

339 3279 451 3334 cetero
481 3292 585 3356 prope
615 3271 806 3337 huiusmodi
832 3271 1056 3336 districtiones
1083 3272 1129 3334 ire
1154 3271 1195 3334 ad
1222 3270 1376 3335 Castrum
1401 3269 1443 3332 ad

340 3373 520 3440 videndum
560 3377 722 3441 Rotulum
760 3377 973 3452 vicecomitis,
1011 3376 1068 3440 sed
1101 3378 1217 3460 pocius
1245 3375 1381 3439 videant
1410 3382 1444 3439 et

339 3479 522 3544 doceantur
544 3501 603 3564 per
625 3480 744 3546 librum
769 3482 878 3545 istum.

405 3682 599 3750 Annotacio
631 3686 805 3751 feodorum
837 3687 1067 3774 Comitatuum
1098 3689 1381 3772 Cantebrigiensis
1411 3700 1445 3754 et

344 3807 650 3886 Huntendonensis,
674 3811 791 3894 auxilij
823 3811 1036 3888 vicecomitis
1067 3822 1231 3878 sectarum
1262 3821 1296 3877 et
1326 3813 1444 3877 wartb-

382 3952 449 3996 nes.

339 3953 381 4016 pe
525 4053 727 4118 Hundredus
750 4053 788 4118 dr
812 4054 1026 4136 Pappewrthe
1046 4054 1263 4139 [Papworth].

409 4191 548 4256 Grauele
569 4191 773 4276 [Graveley].
817 4191 986 4257 Walterus
1012 4193 1100 4258 filius
1126 4194 1264 4258 Roberti
1289 4193 1392 4259 debet
1416 4195 1445 4278 .j.

340 4302 490 4371 sectam;
528 4303 562 4358 et
597 4295 685 4358 idem
720 4303 754 4359 et
787 4295 967 4378 participes
1000 4297 1050 4359 sui
1084 4296 1209 4360 debent
1241 4296 1285 4360 de
1317 4299 1446 4362 auxilio

340 4397 544 4464 vicecomitis
567 4399 642 4482 .ij.s.,
665 4410 698 4462 et
721 4409 771 4463 est
795 4401 839 4465 ibi
864 4401 892 4483 .j.
915 4400 1007 4484 hyda
1030 4400 1213 4486 geldabilis.
