3192 5102
336 363 407 430 216
526 357 689 454 Dz'spute
713 357 804 432 with
832 358 972 432 Abbess
998 357 1079 430 and
1100 357 1242 432 Sisters
1319 355 1441 454 [nourr

331 539 460 610 proxima
483 550 547 611 post
571 539 673 596 festum
699 541 803 597 Sancte
827 543 941 613 Agathe
965 541 1089 614 virginis,
1113 558 1188 598 anno
1213 539 1321 595 domini
1346 547 1444 595 m⁰.cc⁰

333 629 518 698 nonagesimo
538 640 647 700 quarto.

171 719 293 811 *inbmi'it
389 719 488 773 Pateat
500 718 638 774 uniuersis
650 719 726 791 quod
743 736 796 789 ego
811 719 1014 776 Constantinus
1026 730 1179 791 perpetuus
1190 719 1311 774 vicarius
1323 716 1443 772 ecclesie

169 780 252 868 iridi.
264 777 309 862 ire
333 803 370 860 de
392 807 579 861 Waterbeche
598 805 729 876 Elyensis
746 807 901 876 dyoceseos
920 819 1021 879 sponte
1039 819 1068 864 et
1088 807 1242 864 deliberate
1260 805 1396 861 submitto
1415 814 1443 858 et

172 870 231 912 Μ’·
242 881 299 923 ¹²⁹⁸·
333 892 428 962 obligo
442 910 486 948 me
499 903 528 949 et
540 911 718 950 successores
731 911 810 952 meos
820 895 926 951 vicarie
937 896 1064 967 predicte
1076 896 1114 951 ad
1127 905 1262 967 perpetuo
1271 893 1442 950 seruandum

332 990 361 1035 et
374 981 527 1036 tenendum
539 981 674 1053 quicquid
686 981 855 1038 venerabilis
868 983 910 1038 vir
922 983 1058 1054 magister
1070 983 1179 1053 Gwydo
1192 982 1321 1039 officialis
1334 979 1442 1036 domini

335 1067 465 1136 Elyensis
482 1069 607 1140 episcopi
625 1069 678 1124 loci
699 1069 851 1139 dyocesani
870 1070 1042 1126 ordinauerit
1057 1081 1084 1125 et
1102 1070 1231 1126 statuerit
1248 1070 1316 1125 mihi
1334 1079 1362 1124 et
1380 1085 1442 1124 suc·

139 1193 140 1197 ,
234 1153 250 1202 l.
264 1154 320 1204 82b
333 1154 492 1210 sessoribus
502 1155 572 1210 meis
582 1155 688 1210 ibidem
698 1156 865 1211 soluendum
875 1157 912 1211 ab
925 1157 1071 1212 abbatissa
1080 1166 1108 1211 et
1117 1157 1260 1212 sororibus
1270 1153 1441 1211 minorissis¹

333 1243 439 1299 ordinis
458 1245 562 1299 Sancte
581 1244 664 1298 Clare
683 1243 797 1312 ibidem,
815 1245 842 1299 in
861 1245 1160 1315 recompensacionem
1177 1245 1349 1300 minutarum
1367 1243 1442 1297 deci·

333 1349 441 1387 matum
462 1344 490 1389 et
510 1333 628 1387 aliarum
650 1332 858 1388 obuencionum
881 1333 918 1388 ad
940 1333 1075 1388 vicariam
1097 1335 1217 1390 eandem
1239 1333 1442 1405 spectancium,

332 1421 475 1476 ratificans
492 1437 543 1491 pro
559 1437 606 1476 me
622 1431 651 1476 et
669 1421 879 1477 successoribus
896 1422 968 1478 meis
984 1422 1119 1494 quicquid
1137 1424 1212 1478 idem
1228 1421 1356 1476 officialis
1368 1420 1442 1475 ordi-

333 1509 442 1566 nauen't
453 1510 482 1565 in
496 1509 648 1582 premissis

388 1601 421 1653 ln
441 1599 520 1655 cuius
539 1599 578 1654 rei
597 1599 789 1656 testimonium
809 1599 931 1670 sigillum
951 1617 1045 1656 meum
1064 1617 1120 1656 vna
1139 1617 1203 1656 cum
1222 1599 1314 1670 sigillo
1333 1598 1441 1654 Decani

333 1687 369 1743 de
389 1690 552 1743 Cestertone
572 1685 749 1758 presentibus
768 1697 810 1742 est
829 1704 996 1758 appensum.
1033 1690 1140 1744 Datum
1158 1688 1235 1758 apud
1253 1686 1443 1742 Waterbeche

333 1775 420 1831 tercio
433 1775 496 1830 idus
508 1774 639 1846 februarij
652 1791 728 1830 anno
740 1773 848 1830 domini
861 1783 974 1831 .m⁰.cc⁰.
988 1775 1174 1845 nonagesimo
1185 1785 1293 1845 quarto.

171 1873 285 1936 submit·
389 1865 487 1918 Pateat
510 1853 648 1918 uniuersis
673 1873 771 1917 sancte
790 1862 889 1918 matris
911 1863 1030 1919 ecclesie
1052 1863 1115 1917 filiis
1137 1862 1214 1933 quod
1237 1879 1289 1916 nos
1311 1862 1444 1932 Johanna

170 1924 321 2017 :ffffiii'ffd
335 1953 370 2006 de
397 1949 537 2019 Nyuernis
562 1948 709 2004 abbatissa
732 1959 759 2004 et
784 1966 895 2005 sorores
921 1949 1069 2006 minorissa
1095 1950 1202 2005 ordinis
1231 1951 1335 2004 Sancte
1359 1949 1443 2004 Clare

169 2025 308 2118 ζ’,ῗξῇῐξξζά
334 2037 496 2094 monasterii
507 2039 542 2093 de
552 2038 743 2093 Waterbeche
756 2037 887 2107 Elyensis
897 2039 1053 2109 dyoceseos
1063 2039 1233 2094 unanimiter
1242 2049 1270 2094 et
1279 2038 1442 2105 deliberate,

170 2125 311 2217 ff⁰g⁰ffih²
334 2127 369 2182 de
394 2143 532 2183 consensu
557 2143 690 2196 expresso
715 2126 817 2180 nobilis
842 2127 956 2182 domine
980 2127 1094 2182 domine
1121 2127 1257 2197 Dyonisie
1281 2127 1318 2182 de
1344 2129 1443 2182 Monte

171 2188 244 2276 ntiti,
256 2189 311 2267 ΠΨ
334 2215 439 2272 Caniso
458 2215 622 2271 fundatricis
641 2225 668 2270 et
686 2223 806 2286 patrone
824 2225 928 2283 nostre,
948 2216 1140 2272 submittimus
1158 2227 1186 2271 et
1204 2216 1363 2286 obligamus
1381 2232 1442 2282 nos,

171 2277 229 2319 Μ’·
242 2287 298 2330 ”⁹⁴¹
334 2319 511 2361 successores
535 2312 654 2370 nostras,
679 2313 708 2358 et
732 2303 935 2359 monasterium
962 2313 1098 2370 nostrum,
1123 2304 1160 2358 ad
1187 2314 1323 2375 perpetuo
1347 2304 1442 2358 obser-

333 2393 459 2449 uandum
480 2391 641 2447 iaciendum
659 2401 687 2446 et
705 2391 767 2447 sine
788 2391 1015 2447 contradiccione
1034 2392 1201 2447 soluendum
1220 2391 1357 2461 religiosis
1377 2391 1443 2445 viris

335 2479 422 2535 Priori
437 2490 465 2535 et
478 2478 636 2534 Conuentui
653 2479 689 2534 de
705 2480 884 2547 Bemewelle,
897 2479 1052 2535 rectoribus
1069 2479 1188 2534 ecclesie
1206 2479 1241 2534 de
1254 2479 1444 2534 Waterbeche

333 2569 466 2640 predicte,
486 2568 674 2624 Constantino
691 2567 819 2624 eiusdem
838 2568 956 2624 ecclesie
975 2568 1079 2624 vicario
1098 2579 1126 2624 et
1145 2569 1353 2625 successoribus
1377 2569 1443 2636 suis,

334 2658 361 2713 in
379 2657 674 2728 recompensacionem
692 2657 864 2712 minutarum
883 2657 1066 2724 decimarum,
1079 2658 1266 2727 oblacionum,
1279 2669 1307 2714 et
1326 2657 1442 2712 aliarum

333 2748 539 2804 obuencionum
571 2747 706 2814 omnium,
736 2747 870 2818 quicquid
901 2747 1070 2802 venerabilis
1099 2747 1142 2802 vir
1170 2747 1305 2818 magister
1333 2746 1443 2815 Gwydo

333 2835 460 2891 officialis
485 2833 653 2890 venerabilis
678 2833 766 2905 patris
791 2833 898 2889 domini
925 2833 1084 2906 W[illelmi]
1111 2835 1164 2891 Dei
1191 2835 1286 2905 gracia
1311 2835 1443 2904 Elyensis

333 2926 457 2996 episcopi
486 2923 595 2980 duxerit
623 2923 820 2989 ordinandum,
845 2925 972 2980 volentes
996 2943 1050 2980 nos
1074 2937 1102 2980 et
1127 2942 1306 2982 successores
1331 2936 1443 2982 nostras

333 3033 418 3086 posse
442 3013 571 3084 compelli
594 3030 644 3083 per
665 3012 828 3084 episcopum
853 3013 906 3068 loci
932 3013 979 3085 qui
1005 3031 1056 3084 pro
1081 3015 1312 3086 temporesuerit
1334 3013 1444 3070 eteius

334 3104 492 3171 officialem,
505 3103 565 3158 sine
581 3101 697 3172 strepitu
716 3101 846 3170 iudiciali,
860 3102 898 3157 ad
914 3103 1146 3159 obseruacionent
1165 3102 1355 3159 ordinacionis
1370 3101 1442 3158 eius·

334 3194 400 3249 dem
424 3210 480 3248 non
503 3193 634 3246 obstante
658 3190 753 3260 aliquo
782 3189 929 3260 priuilegio
951 3192 1045 3262 quoad
1070 3193 1146 3246 hunc
1173 3204 1268 3249 actum
1293 3193 1444 3263 impetrato

334 3299 384 3338 seu
397 3281 487 3337 eciam
500 3277 685 3350 impetrando.

390 3373 422 3426 ln
441 3371 520 3426 cuius
539 3369 577 3424 rei
596 3367 788 3423 testimouium
807 3367 930 3440 sigillum
946 3379 1077 3424 nostrum
1095 3386 1247 3425 commune
1264 3367 1444 3440 presentibus

333 3471 377 3517 est
391 3477 555 3532 appensum.

389 3551 451 3604 Nos
469 3559 564 3603 autem
585 3544 695 3617 prefata
717 3545 858 3615 Dyonisia
879 3545 916 3600 de
939 3547 1039 3602 Monte
1059 3547 1165 3603 Caniso
1186 3545 1360 3618 subscriptas
1378 3547 1443 3602 sub-

334 3634 499 3690 missionem
521 3645 549 3689 et
569 3630 781 3701 obligacionem
801 3641 879 3686 ratas
901 3632 1048 3700 habentes,
1070 3643 1209 3704 quantum
1232 3632 1259 3688 in
1282 3632 1365 3689 nobis
1389 3644 1441 3698 est,

335 3721 527 3778 submittimus
555 3730 583 3775 et
608 3719 768 3790 obligamus
794 3737 847 3774 nos
871 3729 899 3779 et
924 3720 1044 3777 heredes
1070 3731 1181 3776 nostros
1209 3720 1245 3777 ad
1270 3720 1390 3777 fideliter
1413 3731 1443 3778 et

334 3819 470 3883 perpetuo
504 3808 714 3864 obseruandum
745 3807 882 3880 quicquid
913 3807 990 3864 idem
1022 3809 1152 3865 officialis
1183 3827 1267 3880 super
1297 3809 1445 3882 premissis

334 3900 466 3955 omnibus
486 3909 513 3953 et
532 3897 652 3968 singulis
671 3897 846 3953 ordinauerit
864 3898 893 3952 in
912 3897 1066 3969 premissis.
1242 3955 1243 3960 χ

391 3987 423 4041 ln
439 3985 519 4040 cuius
531 3983 569 4039 rei
583 3981 777 4039 testimonium
791 3984 913 4055 sigillum
927 3996 1054 4039 nostrum
1067 4001 1124 4040 vna
1136 4002 1202 4039 cum
1215 3985 1309 4056 sigillo
1321 3986 1442 4056 predict·

336 4093 416 4132 arum
429 4075 574 4129 abbatisse
586 4082 615 4127 et
628 4089 754 4127 sororum
768 4071 823 4141 hijs
836 4072 936 4127 litteris
949 4071 1080 4127 duximus
1093 4073 1303 4144 apponendum.
1334 4076 1443 4130 Datum

336 4165 412 4236 apud
430 4161 625 4228 Waterbeche,
645 4160 732 4216 tercio
754 4161 818 4216 idus
839 4161 986 4231 Februarij
1005 4178 1081 4217 anno
1100 4161 1208 4217 domini
1228 4171 1330 4218 m⁰.cc⁰.
1354 4180 1443 4218 nona·

335 4255 446 4324 gesimo
464 4262 573 4324 quarto.

740 4411 749 4442 ¹
767 4411 906 4464 minorissis
916 4420 950 4474 et,
965 4413 1024 4463 lllS.
