3192 5102
333 363 402 412 222
459 339 522 436 Of
539 341 600 414 tlte-
617 341 714 441 first
738 340 941 418 dedz'cation
966 343 1016 439 of
1031 343 1093 418 the
1121 341 1271 417 Charch
1314 342 1434 441 [soon

165 543 294 646 pppoppt
329 549 405 593 cum
429 529 653 595 sollicitudine
675 549 807 614 magna.
852 531 909 596 Ad
934 531 1155 614 mitigandam
1182 551 1262 595 uero
1286 531 1434 614 episcopi

164 645 287 737 1⁸:2¹1ng
330 635 598 718 indignacionem
624 635 755 718 scripsit
783 636 875 699 Prior
901 635 1011 700 eidem
1036 637 1195 720 episcopo
1221 654 1280 718 per
1307 634 1433 698 litteras

162 745 304 838 ffigqqffigh
330 759 406 803 suas
428 750 583 823 patentes
606 738 739 804 ueniam
763 748 889 823 petens,
912 760 994 822 quas
1021 760 1080 822 per
1102 737 1307 821 subpriorem
1336 757 1431 800 suum

162 844 283 948 ffgffflh·
307 825 437 908 'eidem
461 845 620 930 episcopo
643 845 856 928 presentauit.
901 843 1032 927 Quibus
1057 843 1210 928 perlectis
1233 842 1325 908 fleuit
1347 844 1434 925 epis-

328 968 433 1031 copus
448 959 482 1014 et
497 949 647 1015 debitum
668 950 804 1016 dimisit.
852 951 972 1015 Postea
987 958 1124 1034 rogatus
1145 950 1321 1034 episcopus
1342 949 1433 1014 uenit

328 1053 494 1138 pacificus,
521 1065 555 1120 et
578 1056 751 1121 ecclesiam
777 1055 1003 1121 reconciliauit
1027 1076 1104 1121 curn
1132 1075 1256 1139 magna
1276 1054 1432 1137 sollemp-

328 1159 453 1238 nitate3
469 1181 592 1244 aquam
608 1161 820 1226 benedictam
837 1179 913 1225 cum
929 1161 1008 1226 vino
1022 1169 1056 1225 et
1067 1161 1186 1234 cinere,
1197 1167 1248 1224 ter
1258 1158 1431 1223 ecclesiam

328 1265 489 1329 circuiens
505 1265 642 1330 interius
663 1275 696 1330 et
718 1275 768 1329 ter
787 1265 945 1340 exterius,
963 1264 1053 1349 large
1073 1264 1168 1328 dedit
1189 1265 1221 1327 in
1244 1263 1434 1346 parietibus,

328 1377 361 1432 et
378 1370 503 1452 populo
517 1369 767 1434 circumastanti
789 1368 976 1452 largissime
996 1369 1029 1433 in
1051 1368 1225 1443 frontibus,
1241 1379 1275 1432 et
1295 1367 1431 1432 missam

327 1472 507 1540 celebrauit
523 1475 564 1539 ad
579 1495 739 1558 magnum
755 1475 859 1540 altare
875 1475 918 1538 de
930 1474 1056 1540 Sancto
1070 1473 1203 1557 Egidio,
1213 1484 1248 1538 et
1258 1473 1431 1557 indulgen-

327 1581 411 1644 ciam
434 1582 489 1645 .xl.
510 1581 638 1646 dierum
659 1582 833 1658 concessit,
851 1591 886 1645 et
906 1591 1084 1664 postquam
1106 1581 1220 1644 omnia
1242 1578 1432 1664 compleuit,

329 1707 479 1752 reuersus
503 1697 556 1754 est
585 1688 628 1752 ad
659 1687 836 1771 prandium
867 1707 964 1751 suurn
996 1683 1038 1750 ad
1071 1685 1212 1750 Dittone
1241 1695 1276 1750 et
1306 1683 1430 1748 nullam

329 1793 599 1874 procuracionem
610 1793 743 1874 recepit.
781 1791 885 1856 Facta
894 1800 945 1856 est
955 1791 1016 1854 hec
1027 1789 1254 1855 reconciliacio
1265 1788 1431 1854 dominica

329 1897 488 1961 secunda¹
512 1897 766 1980 quadragesime
790 1897 896 1981 pridie
921 1917 1026 1960 nonas
1052 1895 1169 1979 Marcij
1194 1915 1283 1960 anno
1305 1894 1432 1960 domini

329 2011 394 2066 .m⁰.
410 2011 469 2065 cc0.
486 1999 598 2066 lxxxc
613 2007 756 2066 octauo².
833 1999 879 2064 Et
920 2000 1008 2064 idern
1046 2000 1217 2083 Johannes
1257 1999 1433 2085 episcopus

331 2115 480 2168 mortuus
502 2115 536 2169 et
559 2104 709 2188 sepultus
732 2101 812 2188 [est]
835 2113 914 2168 ante
936 2103 1062 2186 pascha
1085 2103 1117 2166 in
1142 2123 1231 2166 anno
1253 2113 1421 2187 sequente.

416 2399 465 2460 28.
512 2396 563 2460 De
578 2395 692 2478 prima
715 2393 913 2459 dedicaczhne
934 2392 1074 2458 Ecclesia
1095 2393 1134 2458 de
1155 2393 1348 2460 Bernewelk

712 2508 743 2563 et
763 2499 955 2583 capellamm
977 2498 1053 2563 cius.

166 2663 316 2759 'rpgehufeh
394 2651 581 2718 Willelmus
604 2653 647 2716 de
671 2652 790 2734 Longo
814 2650 945 2734 Campo
965 2650 1143 2734 episcopus
1165 2651 1321 2736 Elyensis
1344 2673 1433 2718 anno

166 2727 295 2860 {reqffipd
329 2758 373 2823 ab
396 2757 627 2822 incarnacione
649 2757 777 2820 domini
801 2765 993 2821 .m⁰.c⁰.xc⁰.
1015 2754 1123 2838 primo
1142 2755 1310 2822 dedicauit
1331 2758 1433 2822 eccle-

165 2877 189 2908 21
200 2867 277 2920 April
329 2863 412 2926 siam
429 2861 684 2925 conuentualem
701 2861 744 2924 de
760 2859 961 2924 Bernewelle
978 2859 1009 2923 in
1026 2859 1152 2925 honore
1169 2859 1284 2926 Sancti
1297 2861 1434 2926 Andree

167 2929 223 2971 ¹¹⁹¹·

330 2977 364 3030 et
381 2967 495 3033 Sancti
510 2963 645 3048 Egydij,
661 2965 693 3028 in
710 2963 838 3028 octabis
850 2963 973 3047 pasche
983 2963 1038 3028 ‚xi
1050 2961 1115 3028 kal.
1129 2963 1211 3048 Maij
1224 2974 1259 3028 et
1270 2967 1434 3031 concessit

167 3090 316 3142 rnecneper
330 3071 385 3137 ,xl
399 3071 473 3136 dies
490 3068 709 3151 indulgencie.
763 3067 934 3151 Johannes
957 3067 1133 3152 episcopus
1156 3067 1326 3150 Elyensis³
1346 3089 1435 3135 anno

166 3140 295 3242 illirium
330 3177 374 3242 ab
395 3176 628 3241 incarnacione
650 3173 777 3237 domini
801 3171 1042 3254 .m⁰.cc⁰.xxij⁰.
1064 3171 1114 3254 .vj.
1139 3193 1245 3238 nonas
1269 3172 1435 3254 Octobris,

167 3241 296 3283 dedicated
730 3278 738 3294 .
878 3277 916 3292 ..
977 3278 996 3293 ..
1097 3278 1105 3292 .
1280 3279 1288 3294 .

167 3291 303 3383 {geracen
330 3303 420 3348 anno
440 3303 518 3346 vero
540 3281 632 3363 regni
653 3279 756 3361 Regis
779 3279 917 3342 Henncr
939 3276 997 3342 tiln
1020 3277 1123 3361 Regis
1143 3278 1307 3361 Johannrs
1327 3291 1436 3357 sexto,

218 3371 224 3384 ⁸
330 3398 482 3472 tempore
509 3384 683 3467 Laurencij
714 3383 842 3460 Prioris,
868 3384 1037 3448 dedicauit
1063 3384 1228 3468 capellam
1255 3383 1435 3450 infirmarie

330 3503 451 3571 nostre,
476 3493 508 3557 in
537 3492 663 3555 honore
691 3490 806 3556 Sancti
835 3488 923 3554 Petri
951 3488 1179 3572 apostolorum
1208 3490 1374 3573 principis,
1401 3501 1434 3556 et

330 3605 492 3669 concessit
507 3625 545 3668 .v.
561 3601 632 3666 dies
648 3599 867 3684 indulgencie,
883 3609 917 3664 et
932 3599 1007 3664 ideo
1026 3599 1165 3682 singulis
1180 3601 1276 3664 annis
1292 3601 1325 3665 in
1341 3603 1434 3666 auni-

330 3709 475 3773 uersario
495 3705 719 3771 dedlcacionis
739 3703 926 3784 celebratur
940 3703 1041 3768 missa
1057 3703 1251 3790 sollempnis
1267 3704 1300 3769 in
1316 3705 1433 3772 eadem

330 3813 466 3896 capella.
512 3811 608 3875 Idem
624 3809 794 3892 Johannes
810 3807 987 3894 episcopus
1000 3809 1164 3891 Elyensis,
1176 3829 1265 3874 anno
1277 3810 1320 3874 ab
1330 3811 1434 3876 incar·

332 3917 471 3984 nacione
490 3915 618 3980 domini
635 3925 698 3979 .m⁰.
710 3914 891 3980 cc⁰.xxix⁰.
906 3915 961 3979 die
980 3913 1104 3980 Sancte
1126 3914 1269 3998 Agnetis
1290 3917 1435 4000 uirginis,

378 4063 388 4096 ¹
406 4063 494 4130 prima,
508 4063 565 4113 MS.

379 4145 390 4179 ¹
407 4147 462 4197 The
477 4147 536 4196 date
551 4143 665 4210 required
681 4151 746 4194 must
762 4143 794 4194 be
813 4145 948 4210 1288-89,
963 4143 988 4193 in
1001 4143 1084 4194 which
1099 4159 1158 4209 year
1169 4144 1211 4195 the
1226 4145 1319 4196 second
1332 4147 1435 4214 Sunday

330 4232 356 4280 in
379 4231 444 4280 Lent
463 4229 507 4280 ten
521 4229 608 4294 pridie
625 4227 720 4287 Nonas,
742 4227 783 4279 i.e.
806 4243 839 4277 on
859 4227 948 4278 March
970 4227 995 4278 6.
1029 4227 1164 4279 Moreover
1182 4229 1252 4294 John
1275 4227 1358 4295 Kirhy
1376 4233 1435 4283 died

332 4313 363 4364 26
375 4313 472 4373 March,
488 4327 560 4377 ¹²90·
593 4311 641 4361 We
652 4319 719 4361 must
729 4309 852 4362 therefore
864 4311 923 4362 read
933 4311 1060 4363 dominica
1070 4312 1180 4364 secunda
1191 4312 1229 4364 lor
1238 4314 1263 4364 d.
1278 4313 1367 4382 prima

379 4391 390 4424 ³
404 4394 472 4460 John
485 4393 575 4454 Pherd,
589 4393 630 4462 hp.
646 4391 675 4441 oi
684 4392 732 4458 Ely
747 4407 914 4459 roco-1225.
