3192 5102
183 1689 200 1738 i.
217 1691 262 1742 160

185 1813 234 1856 ¹²⁹5

750 1269 922 1344 LIBER
958 1269 1052 1345 Vll.

755 1483 1043 1540 CANTEBRIGIA.

414 1665 467 1730 De
492 1666 684 1744 redditibus,
706 1667 907 1746 tenentibus,
929 1667 1061 1734 villanis
1084 1677 1256 1734 eteorum
1280 1679 1458 1734 consuetu-

347 1785 480 1850 dinibus
503 1789 747 1871 pertinentibus
770 1789 813 1853 ad
836 1787 1011 1854 ecclesiam
1035 1786 1079 1852 de
1102 1788 1313 1854 Bernewelle.

412 1949 507 2016 Sicut
530 1951 609 2016 luna
630 1953 748 2017 crescit
770 1973 902 2036 semper
925 1953 978 2017 uel
1000 1953 1171 2032 decrescit,
1195 1961 1230 2018 et
1251 1953 1340 2018 sicut
1364 1974 1457 2018 mare

346 2054 503 2118 continue
524 2053 598 2120 fluit
618 2065 652 2121 et
673 2056 791 2133 refluit,
810 2067 855 2133 et,
870 2078 929 2141 per
943 2057 1040 2122 vnius
1055 2058 1122 2122 diei
1144 2057 1197 2121 uei
1213 2059 1321 2123 noctis
1337 2057 1455 2122 horam

346 2157 510 2242 integram
522 2159 691 2242 quiescere
707 2162 821 2236 nescit,
833 2161 880 2224 sic
895 2161 1048 2225 homines
1065 2161 1134 2225 nati
1147 2161 1191 2226 de
1207 2161 1344 2226 muliere
1360 2161 1456 2226 breui

345 2263 497 2328 uiuentes
512 2271 664 2348 ternpore
675 2264 760 2330 sicut
776 2265 893 2329 umbra
906 2275 1107 2348 pretereunt,
1122 2274 1156 2331 et
1171 2266 1227 2350 alij
1245 2265 1319 2330 loco
1335 2287 1453 2330 eorum

344 2367 535 2432 succedunt

410 2471 500 2556 Quia
520 2471 620 2555 igitur
641 2471 733 2537 Prior
754 2474 798 2538 de
819 2473 1021 2538 Bernewelle
1039 2473 1142 2538 habet
1162 2475 1327 2557 quosdam
1350 2473 1454 2538 libere

343 2584 506 2652 tenentes,
529 2585 563 2641 et
589 2579 753 2659 quosdam
781 2577 932 2654 villanos,
959 2579 1015 2661 qui
1042 2577 1072 2642 ei
1100 2577 1225 2642 debent
1252 2577 1392 2642 seruicia
1418 2589 1453 2643 et

343 2680 609 2756 consuetudines,
625 2681 705 2744 vtile
723 2681 855 2744 videtur
876 2683 908 2745 in
926 2681 989 2744 hoc
1005 2680 1118 2746 libello
1137 2681 1279 2746 scribere
1299 2683 1452 2746 omniurn

344 2785 533 2849 tenencium
566 2805 702 2849 suorum
739 2787 885 2862 nomina,
916 2785 1074 2864 redditus,
1105 2795 1206 2870 atque
1239 2786 1387 2862 seruicia,
1419 2796 1453 2850 et

343 2886 438 2952 villas
460 2889 493 2952 in
514 2888 636 2972 quibus
659 2899 812 2955 tenentes
828 2889 992 2968 habitant,
1008 2899 1043 2954 et
1063 2899 1168 2954 terras
1189 2910 1303 2954 eorum
1325 2900 1360 2955 et
1378 2890 1453 2954 loca

343 2991 399 3056 ubi
426 2992 579 3076 distringi
602 3003 744 3077 possunt
767 2995 950 3058 secundum
974 2992 1066 3078 quod
1090 3004 1242 3078 tempore
1265 2995 1329 3058 isto
1351 3013 1452 3078 super
1539 3023 1540 3056 1

342 3096 407 3180 hijs
437 3095 506 3160 fieri
534 3105 645 3180 potest
672 3099 847 3174 certitudo,
872 3099 1010 3174 scilicet,
1035 3118 1124 3162 anno
1150 3099 1279 3163 domiui
1305 3104 1360 3162 111⁰.
1391 3104 1450 3162 cc⁰.

342 3203 560 3285 nonagesimo
590 3203 719 3285 quinto,
744 3203 911 3268 Prioratus
938 3187 1018 3268 uero
1045 3203 1199 3287 Magistri
1223 3201 1383 3286 Syrnonis
1405 3201 1449 3266 de

343 3304 490 3370 Ascellis
512 3311 621 3370 ‚xxx⁰.
644 3309 764 3390 primo.

408 3459 578 3525 Redditus
596 3461 719 3525 Prioris
735 3462 778 3526 de
794 3460 1000 3527 Bernewelle
1015 3461 1050 3526 in
1065 3460 1146 3526 villa
1161 3460 1204 3526 de
1223 3459 1451 3544 Cantebrigia„

728 3741 752 3789 1.
803 3721 902 3790 Ultra
917 3733 1059 3807 pontem.

406 3882 573 3946 Ricardus
594 3879 775 3945 Brenhand
791 3881 835 3945 de
857 3880 982 3945 Howes
1002 3886 1098 3944 tenet
1113 3898 1217 3943 vnum
1236 3879 1448 3962 mesuagium

339 3997 374 4050 et
388 4005 490 4050 unam
507 3982 649 4048 croitam
666 3984 709 4047 ad
724 3984 834 4067 capud
850 3982 895 4047 de
913 3983 1038 4047 Howes
1050 4002 1165 4046 versus
1183 3981 1450 4067 Cantebrigiam,

339 4101 373 4156 et
389 4091 501 4156 reddit
516 4107 716 4175 perannum
733 4087 813 4172 .iij.s.
830 4087 911 4172 ‚vjd

407 4195 559 4260 Heredes
575 4192 716 4258 Walteri
742 4193 772 4256 le
788 4192 986 4256 Pannenter
1006 4192 1049 4258 de
1071 4192 1192 4256 eadem
1210 4200 1328 4257 tenent
1343 4213 1447 4258 vnarn

338 4321 450 4365 acram
472 4312 506 4365 et
528 4310 596 4365 tres
612 4298 711 4363 rodas
735 4307 830 4376 terre,
845 4306 879 4362 et
902 4297 1048 4362 reddunt
1070 4295 1159 4379 ‚iij-n,
1178 4296 1268 4361 vnde
1288 4294 1342 4381 iij.
1364 4299 1447 4362 rode

338 4409 449 4472 iacent
464 4426 531 4470 non
548 4405 649 4490 longe
665 4425 685 4469 a
703 4406 872 4469 conductu
889 4403 1043 4468 Fratrum
1062 4402 1233 4467 Minorurn
1254 4403 1288 4466 in
1305 4403 1446 4487 longum
