3192 5102
356 336 430 406 240
635 316 830 390 Hundred
850 319 899 415 of
916 318 1047 393 North
1075 319 1177 394 Stow
1341 319 1462 419 [soon
1579 259 1580 264 Ἰ

353 501 479 585 hydam
496 513 581 568 terre
597 504 806 587 geldabilem,
821 516 855 570 et
870 506 995 572 debent
1011 515 1136 572 sectam
1153 515 1186 572 et
1202 509 1402 591 pontagium
1419 510 1463 573 de

353 608 478 672 honore
505 608 728 674 Richmondie
755 632 814 693 per
837 613 1018 694 socagium,
1041 622 1075 676 et
1098 622 1170 676 tota
1193 612 1271 676 villa
1294 612 1397 677 debet
1419 613 1462 676 de

353 711 480 776 auxilio
503 714 706 779 vicecomitis
729 715 770 797 ij.
794 736 932 781 marcas.

425 815 672 901 Wyuelingltam
718 819 977 904 [WillinghamJ.
1024 820 1174 884 Thomas
1219 820 1306 884 filius
1352 819 1461 896 Oliue,

352 919 519 985 Robertus
533 921 597 998 Ot’,
610 923 817 1006 Reginaldus
830 924 916 988 filius
929 925 1136 1008 Carpentarii
1152 925 1277 989 debent
1288 925 1317 1006 .j.
1333 933 1459 989 sectam

350 1025 393 1090 de
409 1025 508 1090 feodo
526 1027 683 1108 Elyensis
698 1029 855 1112 episcopi.

417 1127 620 1210 Fendrayton
637 1129 919 1214 [Fen-Drayton].
967 1131 1134 1196 Robertus
1158 1131 1290 1196 Pollard
1315 1133 1416 1197 debet
1430 1135 1458 1216 .j.

350 1245 485 1311 sectam,
510 1245 543 1298 et
574 1245 666 1299 tenet
697 1236 870 1300 dimidiam
902 1237 1028 1320 hydam
1060 1246 1146 1301 terre
1175 1236 1218 1300 de
1248 1237 1387 1302 Abbate
1417 1239 1458 1302 de

353 1337 549 1420 Rameseye.

416 1441 640 1508 Bokcswatton
652 1443 872 1528 [Boxworth].
911 1445 1101 1509 Willelmus
1115 1443 1201 1508 filius
1213 1445 1350 1509 Henrici
1367 1456 1457 1514 tenet

352 1547 486 1613 feodum
503 1548 530 1630 .j.
550 1548 663 1613 militis
683 1559 717 1613 et
738 1549 867 1613 dimidii
889 1551 932 1613 de
947 1548 1047 1612 feodo
1067 1535 1115 1612 de¹
1128 1549 1293 1625 Scaiariis,
1309 1561 1343 1616 et
1359 1553 1457 1618 debet

350 1653 379 1736 .j.
396 1662 531 1728 sectam,
547 1653 589 1717 de
604 1653 732 1717 auxilio
748 1654 951 1718 vicecomitis
968 1675 1044 1730 .x.s.,
1059 1663 1093 1717 et
1110 1663 1202 1718 tenet
1217 1655 1282 1736 iiij.
1299 1655 1408 1740 hydas
1424 1668 1456 1722 et

350 1754 524 1818 dimidiam
547 1753 739 1836 geldabiles,
755 1765 789 1818 et
811 1755 912 1818 debet
928 1757 1135 1838 pantagium.
1183 1755 1312 1820 ibidem
1331 1758 1455 1823 Wiliei·

351 1879 425 1923 mus
447 1858 490 1922 de
515 1858 653 1942 Hobrey}
674 1864 781 1922 tenet¹
802 1857 937 1922 feodum
959 1858 987 1940 .j.
1004 1858 1117 1922 militis
1140 1860 1182 1924 de
1204 1860 1344 1926 domino
1364 1863 1456 1948 Rege

351 1964 383 2028 in
411 1963 530 2046 capite,
554 1973 588 2026 et
610 1963 710 2027 debet
734 1962 763 2044 .j.
787 1972 912 2028 sectam
940 1984 1041 2045 quam
1072 1965 1182 2028 Lucas
1206 1963 1292 2029 iilius
1316 1966 1455 2034 Gaisridi

350 2067 429 2132 facit
455 2088 515 2150 pro
542 2087 592 2144 eo,
618 2077 652 2131 et
678 2075 770 2131 tenet
795 2067 848 2148 iij.
871 2067 980 2150 hydas
1007 2076 1040 2131 et
1062 2067 1237 2133 dimidiam
1263 2069 1456 2153 geidabiles,

349 2171 521 2237 reddendo
543 2171 673 2237 auxilio
695 2171 900 2238 vicecomitis
923 2173 972 2237 in⁹
995 2171 1253 2258 [WaterbecheJ.

522 2383 741 2448 Hundredum
762 2382 803 2446 de
823 2382 1004 2448 Nortltnton
1028 2383 1151 2468 [North
1176 2384 1292 2469 stow}

416 2523 573 2586 Stantone
595 2521 709 2606 [Long
732 2521 900 2604 Stanton}
949 2522 1115 2586 Henricus
1137 2522 1180 2586 de
1205 2521 1345 2587 Nafford
1364 2534 1456 2588 tenet

349 2627 483 2692 feodum
506 2627 636 2692 dimidii
661 2627 774 2691 militis
797 2628 840 2690 de
864 2626 1011 2692 Radulfo
1033 2626 1077 2691 de
1099 2628 1220 2706 Thoffi,
1244 2639 1279 2693 et
1301 2628 1404 2694 debet
1425 2629 1455 2712 .j.

349 2745 483 2810 sectam,
507 2742 541 2796 et
563 2735 606 2797 de
629 2733 756 2796 auxilio
779 2733 984 2797 vicecomitis
1005 2733 1092 2815 ‚iij.s.‚
1112 2743 1146 2798 et
1170 2721 1262 2799 tenet
1283 2735 1324 2818 ij.
1347 2736 1455 2819 hydas

348 2849 382 2900 et
419 2836 593 2900 dimidiam
630 2837 822 2920 geldabileS,
853 2846 887 2900 et
922 2836 1022 2900 debet
1056 2839 1262 2920 pontagium.
1324 2839 1455 2904 Ibidem

348 2940 537 3006 Willelmus
567 2939 610 3005 dc
637 2940 809 3024 Chodwey
833 2949 925 3004 tenet
952 2939 1087 3005 feodum
1115 2941 1245 3006 dimidii
1274 2943 1389 3006 militis
1413 2944 1456 3007 de

347 3045 485 3108 baronia
508 3044 672 3109 Wiscardi
702 3044 832 3127 Leydet
860 3052 893 3107 et
919 3044 1021 3108 debet
1047 3053 1183 3122 sectam,
1205 3055 1239 3109 et
1263 3046 1307 3110 de
1329 3048 1457 3112 auxilio

346 3149 550 3212 vicecomitis
581 3147 670 3230 ,iij.s.,
694 3157 727 3211 et
758 3156 850 3211 tenet
875 3145 915 3228 .ij.
945 3146 1054 3230 hydas
1084 3149 1275 3230 geldabiles.
1324 3149 1455 3215 Ibidem

350 3253 521 3335 Philippus
544 3251 587 3316 de
610 3250 771 3316 Stant0n³
793 3259 885 3314 tenet
908 3250 1042 3316 feodum
1064 3252 1092 3335 .j.
1116 3254 1229 3318 militis
1252 3254 1295 3318 de
1320 3255 1456 3320 baronia

350 3359 515 3423 Hamonis
554 3357 662 3422 Peche
701 3356 744 3421 de
786 3356 912 3422 honore
951 3357 1182 3435 Richmondie,
1214 3370 1249 3424 et
1285 3361 1388 3425 debet
1426 3361 1456 3444 .j.

347 3470 472 3525 sectam
488 3481 589 3544 quam
605 3459 777 3543 Johannes
793 3458 878 3523 filius
895 3461 1053 3543 Symonis
1070 3461 1148 3525 iacit
1165 3483 1225 3544 pro
1240 3483 1290 3540 eo,
1305 3473 1340 3529 et
1354 3465 1456 3529 debet

346 3567 510 3630 auxilium
547 3565 752 3630 vicecomitis
797 3583 873 3627 cum
920 3564 1121 3629 Lollewrthe
1159 3565 1248 3648 ‚iij.s.,
1283 3578 1319 3633 et
1363 3577 1455 3634 tenet

347 3671 388 3753 ij.
412 3669 519 3753 hydas
542 3669 726 3752 geldabiles
747 3679 782 3733 et
805 3669 979 3734 dimidiam
1003 3671 1136 3753 hydam.

255 3783 270 3832 s.
289 3798 332 3844 ns
415 3771 715 3857 Gretton[Girton].
750 3773 942 3839 Eborardus
953 3775 995 3838 de
1008 3774 1207 3857 Trumpiton
1218 3785 1312 3842 tenet
1321 3777 1454 3843 feodum

348 3881 375 3962 .j.
393 3880 507 3942 militis
530 3897 605 3941 cum
630 3887 715 3941 terra
738 3876 901 3960 Johannis
918 3878 1019 3943 Crexi
1044 3880 1076 3942 in
1093 3877 1274 3943 Caldecote
1294 3882 1338 3946 de
1355 3881 1456 3948 feodo

349 3983 493 4056 Peuerei,
514 3995 547 4044 et
570 3983 670 4046 debet
686 3981 714 4062 .j.
731 3991 857 4045 sectam
873 3991 907 4046 et
923 3981 1008 4047 inira
1024 4004 1149 4048 annum
1165 3995 1199 4048 et
1219 3986 1395 4050 dimidium
1414 3988 1456 4052 de

347 4087 458 4148 warda
476 4085 583 4148 Castri
605 4084 779 4148 dimidiam
800 4105 954 4149 marcam.
1003 4086 1133 4152 lbidem
1157 4099 1251 4152 tenet
1274 4089 1409 4154 feodum
1426 4090 1454 4171 .j.

347 4188 461 4252 militis
483 4187 526 4250 de
550 4185 648 4250 feodo
670 4186 713 4250 de
737 4185 912 4251 Mortimer
934 4209 1009 4252 cum
1034 4201 1120 4253 terra
1143 4193 1186 4255 de
1210 4191 1333 4255 Berton
1357 4202 1391 4256 et
1412 4195 1455 4257 de

445 4323 454 4355 ¹
472 4325 527 4375 The
540 4324 596 4375 MS.
609 4325 693 4374 reads:
711 4331 779 4374 tenet
791 4325 885 4375 ibidem
897 4327 1049 4392 Conington,
1063 4328 1174 4388 Hattele,
1189 4335 1213 4378 et
1227 4329 1352 4379 Crauden.

443 4405 454 4436 ²
470 4407 526 4457 The
539 4405 594 4457 MS.
609 4415 679 4473 stops
689 4407 807 4474 abmptly
818 4406 884 4458 here.
1146 4409 1158 4442 ⁸
1173 4411 1277 4472 sanson,
1299 4412 1356 4462 MS.
