3144 5070
318 388 361 462 A
393 387 550 462 Canon's
576 388 728 462 Letters
754 389 971 489 Dz'mrltsory
1153 415 1203 486 ‘19

90 571 228 628 confrater
247 581 343 628 vester
364 571 392 627 in
415 569 588 628 monasterio
608 579 702 626 vestro
723 571 775 627 rite
793 571 938 644 professus
955 590 990 630 ex
1009 573 1093 630 certis
1112 574 1206 632 causis

90 657 220 728 legitimis
236 677 256 716 a
272 669 368 717 vestro
381 659 553 716 monasterio
570 660 598 716 in
616 668 743 716 nostrum
760 661 917 733 prioratum
930 661 1100 734 paternitate
1112 671 1207 720 vestra

89 747 198 806 latente
224 748 254 804 iu
280 749 425 821 veriusque
452 748 567 805 homnis
595 749 639 805 sui
665 749 858 806 saluationem
886 759 917 806 et
943 768 1044 822 pacem
1074 751 1151 823 cupit
1176 767 1207 806 se

90 837 225 894 tmnsleri.
265 835 400 910 Sciatis[
612 831 780 910 ]nobis‘in
799 838 914 895 Christo
932 838 1067 896 dilectum
1086 857 1137 911 per
1154 859 1207 896 vos

90 924 218 994 primitus
243 925 381 996 legittime
406 926 585 983 licenciatum
608 935 636 982 et
660 927 810 983 dimissum
831 945 866 982 ex
889 927 1014 983 unanimi
1038 945 1156 984 assensu
1178 937 1207 984 et

90 1029 230 1069 consensu
243 1013 336 1069 tocius
347 1013 462 1086 capituli
475 1014 561 1070 vestri
574 1015 724 1071 uobiscum
741 1014 950 1086 imperpetuum
965 1025 1205 1072 commoraturum

90 1101 139 1156 sub
156 1101 337 1172 regularibus
352 1090 510 1174 disciplinis
526 1121 577 1174 per
593 1120 646 1159 nos
663 1102 788 1174 legitime
803 1101 948 1175 receptum
962 1103 1021 1159 lore
1033 1122 1066 1160 ex
1079 1104 1205 1160 unanimi

89 1201 205 1240 mensu
230 1195 260 1241 et
284 1201 426 1243 concensu
451 1186 543 1243 tocius
567 1185 683 1257 capituli
708 1187 797 1243 nostri
824 1197 922 1243 tenore
946 1187 1131 1259 presencium.
1171 1189 1205 1244 ln

89 1272 167 1328 cuius
185 1272 228 1374 ¹rei
247 1273 473 1376 testimonium

127 1369 312 1482 Venerabili
327 1425 354 1474 et
376 1371 506 1488 religioso
526 1415 587 1482 viro
600 1361 765 1488 iratri[
891 1413 1044 1488 lpriori
1064 1415 1204 1486 prioratus

89 1501 122 1560 de
152 1501 275 1580 Stonley
303 1501 479 1582 lincolniensi
507 1503 630 1568 diocesi
645 1512 674 1560 et
704 1502 831 1560 eiusdem
861 1505 927 1560 loci
945 1504 1104 1560 conuentui
1128 1503 1205 1575 prior

90 1591 258 1647 llonasterii
272 1591 369 1666 sancti
390 1590 497 1664 Egidii
505 1591 541 1648 de
564 1591 733 1662 Barnewell
744 1587 822 1647 iuxta
847 1591 1061 1675 Cantabrigiam
1080 1589 1204 1660 Elyensi

87 1655 192 1736 diocesi
207 1675 240 1736 et
256 1680 385 1736 eiusdem
402 1680 456 1736 loci
473 1663 632 1736 conuentus
649 1677 801 1736 Salutem'
794 1697 822 1734 ιιι
840 1681 975 1734 omnium
981 1667 1123 1735 calcatore
1135 1678 1205 1752 quia

87 1759 214 1825 dilectus
223 1763 332 1824 nobis'
325 1785 354 1823 ιιι
368 1766 506 1840 curtem
700 1766 917 1840 ]canonicus
910 1776 939 1822 et
947 1763 1113 1834 constater
1107 1776 1204 1824 noster

87 1853 114 1925 in
132 1855 315 1924 Monasterio
335 1864 433 1912 nostro
454 1856 519 1912 Rite
535 1855 689 1954 professus
697 1873 731 1931 ιιι
746 1855 834 1934 certis
852 1855 946 1918 cauus
964 1855 1101 1928 legitimis
1118 1855 1203 1938 nobis

87 1943 260 2024 preostensis
276 1944 381 2015 pariter
397 1953 425 2000 et
434 1943 563 2022 cognitis
579 1961 611 2000 a
614 1951 712 1999 nostro
729 1927 924 2004 Monasterio'
917 1958 946 2006 ιιι
959 1953 1085 2010 ιιειιιιιιιΙ
1097 1933 1201 2015 priora·

87 2041 144 2105 turn
161 2029 356 2104 paternitate
355 2030 449 2087 vestra
467 2020 606 2086 favente''
598 2047 627 2085 ιιι
642 2023 787 2104 utriusque
798 2029 936 2100 hominis
946 2028 989 2085 sui
1009 2029 1200 2110 saluacionem

86 2127 112 2176 et
130 2130 233 2192 pacem
254 2119 333 2190 'cuplt
348 2123 392 2174 se
405 2097 557 2176 transferi·
567 2118 685 2175 Sciatis
704 2117 922 2190 ριειιιιιιιι[’“’
1088 2117 1100 2192 ]
1118 2119 1202 2176 nolus

87 2206 113 2262 in
133 2207 250 2264 Christo
271 2206 408 2263 dilectum
429 2223 480 2278 per
496 2223 549 2263 vos
566 2207 696 2278 primitus
713 2207 841 2279 legitime
858 2187 1013 2280 receptum
1021 2226 1056 2264 ex
1067 2207 1201 2263 vna'nimi

88 2313 201 2352 mensu
224 2304 253 2352 et
275 2311 418 2352 consensu
440 2295 530 2352 tocius
556 2296 679 2368 Capituli
704 2296 790 2353 vestri
815 2295 962 2352 vobiscum
990 2298 1201 2374 lmperpetuupt

87 2394 324 2440 commoraturum
334 2383 389 2438 sub
401 2379 576 2479 regularibus
587 2382 744 2455 disciplinis
756 2400 807 2455 per
818 2385 872 2438 nos
883 2383 1008 2454 legitime
1021 2383 1200 2447 licenciatum

87 2477 112 2523 et
122 2468 273 2526 dimissum
285 2469 347 2524 sore
360 2485 395 2524 ex
407 2467 533 2542 unanimi
546 2484 673 2522 assensu
677 2479 706 2523 et
719 2484 858 2523 consensu
875 2467 966 2526 tocius
979 2467 1095 2540 capituli
1111 2469 1200 2528 nostri

87 2565 177 2612 tenore
188 2556 383 2628 presencium.
422 2555 457 2609 ln
470 2554 549 2610 cuius
561 2555 600 2610 ier
593 2551 819 2625 testimonium]
