3212 5064
325 364 373 437 74
563 344 625 442 Of
643 343 705 418 tlte
730 344 867 418 Pnbrs
892 342 972 417 and
993 341 1093 415 their
1117 348 1194 416 acts
1269 333 1389 438 [Boon
1416 355 1430 406 1

324 531 412 596 uixit
427 552 487 616 per
506 553 601 598 ,xxia
617 552 724 596 annos
744 541 778 597 et
799 531 951 615 amplius,
967 541 1092 594 etcum
1109 528 1202 593 senio
1217 523 1431 610 corporisque

324 637 497 702 debilitate
518 636 721 721 fatigaretur,
740 657 897 701 concessa
920 636 982 700 sibi
1007 633 1196 719 prouisione
1219 628 1432 714 competenti,

326 741 507 825 resignauit
539 741 725 806 Prioratum
756 761 852 805 suum
879 740 913 804 in
940 759 1058 804 manus
1085 737 1244 821 Episcopi
1276 731 1432 818 Elyensis

326 843 413 908 circa
429 843 550 908 festum
575 845 681 908 sancti
705 843 864 908 Iohannis
880 842 1035 926 baptiste,
1051 861 1140 905 anno
1156 838 1283 904 domini
1299 844 1363 902 .m⁰.
1375 841 1431 900 cc⁰.

160 942 314 1036 ξζξζζξῗῇ
327 949 546 1031 nonagesimo
567 949 720 1033 septimo.
766 948 813 1013 Et
839 947 924 1030 obijt
949 947 1068 1011 eodem
1096 965 1185 1010 anno
1210 943 1360 1008 nondum
1385 962 1434 1006 re-

161 1043 299 1137 ἓξὲξ·
327 1053 452 1132 uolut0,
468 1052 623 1118 videlicet
643 1062 765 1118 octauo
783 1051 839 1116 die
860 1049 1085 1116 dedicacionis
1105 1047 1243 1112 ecclesie
1261 1053 1381 1118 nostre,
1401 1051 1435 1107 et

128 1153 130 1156 ’
162 1142 304 1238 διξῖιξζζῖξζ,
326 1159 477 1241 sepultus
504 1159 536 1222 in
564 1159 759 1242 pauimento
781 1177 893 1222 coram
917 1156 1012 1220 altari
1035 1164 1150 1220 sancte
1174 1151 1343 1216 Katerine.
1390 1149 1435 1212 Et

163 1272 300 1366 affin,
330 1261 421 1325 Prior
453 1261 662 1338 Benedictus,
693 1261 749 1346 qui
780 1261 810 1324 ei
841 1259 1009 1338 successit,
1039 1259 1148 1343 ipsum
1176 1253 1356 1319 honorifice
1385 1271 1436 1315 se-

164 1374 241 1416 Priw·
327 1365 480 1452 peliuit¹.]

382 1551 524 1605 Tenentes
538 1548 641 1606 Prioris
654 1549 683 1606 in
698 1551 874 1607 Chesterton.
903 1551 1002 1606 Abbas
1014 1549 1051 1605 de
1064 1547 1199 1605 Versellis
1212 1558 1287 1604 tenet
1300 1546 1337 1616 iij.
1347 1545 1438 1616 hydas

329 1648 357 1692 et
374 1636 531 1706 dimidiam,
549 1639 624 1693 vnde
644 1637 727 1693 soluit
745 1655 796 1710 per
814 1655 920 1693 annum
936 1638 972 1708 xij
992 1657 1013 1694 s.
1053 1639 1125 1694 ltem
1145 1636 1229 1692 soluit
1246 1653 1297 1708 pro
1314 1635 1438 1706 quadam

329 1727 427 1798 placea
440 1727 487 1782 ubi
500 1727 694 1782 molendinum
704 1727 814 1784 solebat
826 1745 889 1784 esse
901 1728 920 1799 ij
930 1728 956 1783 d.
985 1729 1057 1784 item
1067 1727 1192 1782 inueniet
1202 1743 1287 1780 vnam
1297 1733 1439 1781 carectam

330 1817 360 1872 in
384 1827 541 1887 autumpno
565 1834 616 1888 pro
638 1833 670 1872 se
691 1828 719 1873 et
740 1835 792 1888 pro
814 1818 977 1874 hominibus
996 1816 1055 1873 suis
1077 1817 1114 1872 ad
1136 1817 1302 1872 cariandum
1323 1815 1439 1870 bladum

331 1905 439 1961 domini
461 1905 555 1976 Regis.
596 1907 669 1961 Item
690 1905 816 1963 inueniet
834 1923 919 1962 unam
938 1923 1070 1962 carucam
1089 1906 1118 1961 in
1137 1916 1264 1976 tempore
1282 1903 1383 1975 yemali
1402 1903 1441 1958 ad

332 1995 539 2051 seminandum
585 1995 658 2050 ltem
683 1996 711 2049 in
736 2005 864 2065 tempore
888 1995 1126 2066 quadragesimali
1151 1994 1275 2050 inueniet
1300 2009 1440 2049 carucam.

334 2083 406 2138 item
432 2081 460 2136 in
486 2093 612 2153 ternpore
635 2083 782 2138 inbinandi
801 2082 813 2152 j
839 2100 977 2139 eamcam.
1018 2085 1091 2140 Item
1113 2084 1212 2139 Abbas
1234 2081 1370 2152 percipiet
1389 2097 1441 2152 pro

332 2171 458 2241 qualibet
482 2188 579 2226 arrura
601 2170 651 2240 jd
692 2171 765 2227 ltem
790 2188 889 2226 omnes
914 2182 1042 2227 tenentes
1067 2171 1194 2227 eiusdem
1219 2171 1340 2226 Abbatis
1360 2187 1443 2225 vnus-

334 2259 454 2330 quisque
479 2275 576 2314 eorum
601 2258 727 2315 inueniet
747 2277 835 2314 vnum
858 2260 1004 2316 hominem
1028 2259 1066 2314 ad
1089 2260 1210 2329 primam
1231 2257 1388 2329 precariam
1413 2257 1441 2312 in

334 2359 496 2418 autumpno.
535 2347 573 2403 Et
589 2347 706 2417 quilibet
723 2363 821 2403 eorum
839 2348 956 2418 recipiet
973 2349 1100 2403 oblatum
1119 2363 1222 2419 panem
1240 2355 1269 2401 et
1290 2363 1443 2418 compana-

334 2436 422 2506 gium,
444 2435 576 2491 videlicet
597 2435 616 2506 ij
638 2435 741 2492 alleces
760 2435 806 2490 uel
825 2437 951 2506 precium
976 2435 1047 2492 tanti
1069 2435 1180 2491 valoris.
1220 2437 1292 2492 item
1314 2434 1443 2492 homiues

335 2524 403 2580 dicti
423 2525 544 2580 Abbatis
567 2523 734 2580 herciabunt
758 2524 803 2578 bis
827 2541 877 2595 per
899 2541 1006 2580 annum
1031 2534 1059 2578 et
1083 2523 1219 2594 recipient
1239 2524 1251 2594 j
1273 2524 1444 2595 quadratum

336 2627 439 2683 panem
461 2621 488 2667 et
507 2610 519 2680 j
541 2612 667 2667 allecem.
705 2612 837 2666 Preterea
855 2612 1000 2667 habebunt
1020 2611 1048 2682 iij
1068 2629 1176 2683 poynes
1194 2627 1350 2667 auenarum
1368 2621 1396 2666 et
1415 2611 1444 2664 in

337 2711 463 2770 tempore
480 2699 697 2771 quadragesime
712 2699 782 2768 (αϊ).
815 2701 887 2755 item
899 2717 998 2758 omnes
1012 2710 1139 2756 tenentes
1152 2711 1241 2756 terras
1253 2699 1445 2771 unusquisque

337 2805 435 2844 eorum
445 2787 569 2842 inueniet
578 2804 665 2843 vnum
672 2788 817 2844 hominem
824 2787 892 2858 perj
903 2787 979 2844 diem
990 2788 1028 2842 ad
1034 2788 1225 2858 colligendum
1233 2787 1329 2843 lenum
1338 2785 1443 2843 domini

338 2873 426 2943 Regis
445 2882 562 2942 excepto
580 2871 723 2928 Willelmo
742 2882 770 2928 et
788 2873 941 2929 heredibus
961 2873 1055 2942 Egidij
1076 2872 1124 2943 filij
1144 2873 1195 2928 sui.
1235 2873 1307 2927 item
1326 2870 1446 2943 predicti

337 2960 466 3014 homines
479 2961 659 3016 sarculabuut
672 2961 801 3016 videlieet
813 2971 902 3018 terras
914 2971 1044 3018 tenentes
1056 2979 1107 3032 per
1115 2961 1126 3032 j
1137 2963 1214 3017 diem
1226 2978 1279 3017 nec
1292 2959 1446 3034 percipient

339 3066 390 3119 pro
414 3047 576 3103 huiusmodi
601 3049 733 3119 operibus
755 3050 809 3104 nisi
831 3050 995 3106 vadimonia
1016 3051 1054 3105 ad
1075 3050 1177 3105 festum
1199 3050 1290 3104 sancti
1314 3049 1388 3106 Petri
1409 3049 1447 3104 ad

340 3135 469 3192 uincula²
478 3147 506 3191 et
519 3138 720 3208 acquietabunt
733 3140 830 3193 omnia
840 3138 966 3194 dominia
976 3137 1139 3210 appreciata
1151 3138 1302 3208 pervisum
1315 3137 1447 3207 legalium

340 3225 486 3280 hominum
499 3225 560 3279 sine
572 3223 668 3296 aliqua
680 3227 839 3281 occasione.
872 3227 944 3281 item
958 3226 1100 3296 predictus
1112 3227 1212 3281 Abbas
1224 3227 1309 3281 debet
1322 3226 1449 3280 inuenire

340 3311 456 3367 cuilibet
469 3313 622 3367 carectario
635 3313 664 3366 in
677 3321 832 3384 autumpno
844 3313 970 3368 oblatum
982 3330 1087 3383 panem
1100 3324 1128 3369 et
1141 3313 1159 3383 ij
1172 3313 1275 3370 alleces
1288 3311 1353 3370 etc-³

392 3489 401 3522 ¹
418 3483 511 3532 Added
529 3482 554 3532 in
571 3499 587 3532 a
603 3483 717 3533 different
733 3483 811 3533 hund.
846 3484 901 3534 Tne
918 3483 1010 3536 license
1024 3484 1054 3536 oi
1066 3485 1137 3550 King
1152 3485 1262 3536 Edward
1277 3487 1298 3536 1.
1314 3497 1340 3537 to
1354 3488 1418 3537 elect
1435 3503 1452 3536 a

344 3566 418 3630 prior,
433 3581 466 3616 on
479 3567 572 3631 receipt
587 3566 617 3615 oi
630 3567 672 3616 the
688 3583 755 3618 news
771 3568 800 3617 oi
816 3569 885 3618 Prior
899 3567 1016 3633 Symon’s
1031 3570 1192 3634 resignation,
1206 3571 1228 3620 is
1243 3571 1319 3621 dated
1335 3589 1366 3623 ao
1375 3573 1450 3636 june,

346 3663 407 3714 1297
422 3647 491 3712 (Rol.
512 3649 565 3699 Pat.
586 3665 615 3713 25
630 3651 700 3700 Edw.
717 3651 738 3701 l.
754 3668 786 3701 m.
802 3654 842 3716 4);
859 3653 910 3702 and
922 3653 960 3704 his
971 3663 1054 3704 assent
1070 3662 1097 3704 to
1109 3655 1151 3704 the
1168 3654 1274 3704 election
1286 3655 1315 3705 oi
1330 3655 1451 3705 Benedict

345 3729 377 3779 de
389 3730 498 3788 Welton,
510 3747 559 3781 one
570 3732 600 3781 ol
608 3732 651 3782 the
662 3748 763 3795 canons,
779 3733 810 3784 16
819 3735 884 3798 June
898 3735 975 3800 (lbid.
990 3737 1027 3785 Pt.
1041 3747 1072 3786 11.
1085 3752 1119 3786 m.
1133 3739 1166 3798 a).

394 3814 406 3846 ²
423 3815 539 3864 Lemures
552 3815 617 3879 Day‚
635 3831 644 3865 1
660 3817 727 3881 Aug.

390 3893 407 4026 ἑ
422 3897 485 3946 This
502 3898 642 3963 paragraph
659 3901 677 3924 “
687 3899 812 3950 'senentes
829 3899 970 3966 Prioris—ij
988 3901 1079 3952 alleces
1093 3901 1159 3952 etc.''
1173 3904 1195 3952 is
1210 3904 1236 3953 iu
1251 3921 1267 3954 a
1281 3904 1349 3954 hund
1364 3904 1393 3954 ol
1409 3906 1453 3955 the

349 3987 389 4046 15t
423 3988 489 4028 cent.
