3222 5086
155 383 220 486 111]
422 385 514 461 Cose
536 385 585 484 os
602 383 711 458 Alan
738 381 781 456 de
807 381 985 455 Frestone
1195 380 1261 470 185

156 569 258 653 pleno
280 570 488 648 consistorio,
504 570 582 635 lecit
604 569 774 654 quandam
799 567 1075 653 prouocacionem
1097 576 1131 631 et
1151 563 1264 649 appel·

157 675 319 740 lacionem
344 697 405 759 pro
427 684 516 740 statu
541 697 602 740 suo
624 685 658 739 et
681 694 816 739 suorum
838 683 909 748 etc„
924 683 957 738 et
977 673 1059 756 legit
1080 673 1113 735 in
1135 669 1266 753 scriptis

156 789 217 843 etc.
265 779 311 844 Et
338 777 533 844 festinanter
564 779 757 864 impetrauit
789 779 881 843 Prior
909 778 952 843 ab
979 777 1111 842 officiali
1138 773 1265 840 domini

157 884 305 967 episcopi
330 883 488 966 Elyensis
508 885 680 967 quandam
702 883 939 947 inhibicionem
961 891 1032 960 etc,
1052 882 1110 966 qui
1131 878 1267 963 prefixit

157 988 307 1071 partibus
329 989 419 1053 diem
442 1008 556 1053 coram
583 1009 624 1052 eo
651 990 684 1052 in
709 986 849 1052 ecclesia
876 987 1038 1054 Omnium
1066 985 1267 1052 Sanctorum

158 1091 255 1155 iuxta
271 1092 437 1177 hospitale
453 1091 668 1175 Cantebrigie
681 1103 740 1157 etc.
773 1092 926 1157 Partibus
941 1101 1054 1157 autem
1067 1092 1122 1156 die
1138 1087 1268 1174 prefixo

65 1267 80 1296 Ι
157 1196 429 1279 comparentibus
459 1205 536 1279 post
571 1196 695 1260 multas
728 1197 965 1261 altercaciones
999 1195 1087 1260 idem
1119 1192 1268 1258 officialis

159 1300 304 1365 absoluit
329 1302 475 1366 Priorem
500 1310 535 1365 et
556 1301 755 1366 canonicum
778 1321 875 1365 suum
902 1303 945 1366 ad
968 1299 1134 1365 cautelam
1164 1319 1269 1382 usque

159 1407 201 1470 ad
238 1407 422 1471 aduentum
464 1407 613 1491 episcopi
648 1415 709 1470 etc
778 1406 823 1471 Et
862 1406 951 1470 dixit
990 1404 1198 1470 Cancellario
1235 1413 1269 1466 et
1284 1412 1401 1505 {13ng

160 1509 354 1576 Scolaribus
377 1512 463 1575 inter
485 1521 617 1575 cetera:
642 1509 784 1576 Domine
806 1509 1003 1577 cancellarie
1024 1529 1148 1572 omnem
1160 1507 1269 1589 jun's·
1282 1513 1413 1606 gffif'ffl

159 1613 330 1679 diceionem
344 1636 443 1700 quam
454 1614 579 1680 habetis
592 1635 632 1678 ex
639 1614 757 1698 gracia
773 1613 901 1678 demini
913 1613 978 1678 mei
991 1611 1125 1696 epucopi
1138 1611 1270 1686 habetes,

158 1719 219 1802 qui
232 1719 322 1784 uobis
341 1721 490 1784 concessit
500 1719 767 1803 ynn'sdictionem
787 1717 821 1782 in
836 1717 965 1783 clen'cis.
1010 1715 1271 1782 Archidiaconus

158 1833 267 1887 autern
282 1824 377 1888 habet
385 1823 649 1908 jiere'sde'ctionem
667 1823 701 1886 in
718 1822 897 1899 nectendus,
912 1821 1056 1904 vican‘y's,
1070 1830 1145 1898 etc.;
1168 1840 1270 1882 vnum

160 1937 289 1992 tantum
304 1929 433 1994 sibimet
448 1929 630 1994 resemaur't
641 1928 760 1992 scilicet
778 1929 867 1992 viros
888 1927 1058 2010 religiosos.
1105 1925 1181 1988 Non
1196 1945 1270 2007 ergo

159 2033 320 2113 auferatis
334 2033 463 2098 domino
479 2055 545 2098 meo
560 2033 648 2116 quod
658 2053 754 2096 sunm
770 2042 817 2096 est
830 2031 862 2096 si
869 2031 981 2114 placet.

281 2288 349 2352 119.
394 2271 561 2336 Placitum
583 2282 694 2336 contra
715 2271 923 2356 Magistrum
946 2271 1095 2336 Alonum
1117 2270 1156 2334 de

523 2375 675 2440 Frestone
695 2375 735 2441 de
748 2377 908 2458 pensione.

227 2530 390 2614 Magister
420 2530 553 2595 Alanus
588 2530 631 2594 de
668 2531 830 2594 Frestone
865 2531 946 2594 dum
982 2539 1053 2593 erat
1087 2529 1272 2592 aduocatos
1285 2535 1434 2630 {llfflel‘

162 2634 377 2719 Cantebrigie
399 2635 524 2717 recepit
545 2655 604 2718 per
624 2643 751 2698 cartam
774 2633 971 2698 Conuentus
991 2633 1131 2717 singulis
1148 2631 1271 2717 [annis]
1285 2637 1411 2739 mil-ng

162 2739 234 2805 .xl.
262 2760 287 2803 s.
313 2740 356 2803 de
384 2758 515 2802 camera
542 2739 586 2802 de
614 2737 823 2815 Bemewelle‚
847 2747 882 2801 et
908 2737 993 2802 bene
1020 2738 1184 2802 laborauit
1211 2759 1272 2821 pro
1285 2737 1329 2782 Μ·

161 2843 310 2907 ecclesia
354 2843 513 2907 Processu
530 2841 690 2926 temporis
706 2840 814 2907 sactus
829 2851 881 2905 est
897 2841 1164 2907 Archidiaconus
1186 2842 1217 2905 N
1220 2864 1271 2906 or·

162 2945 306 3023 lolchie¹,
329 2956 363 3011 et
385 2947 540 3010 decetero
567 2944 668 3009 nichil
690 2945 830 3010 seruiuit
854 2947 934 3029 ipsis
957 2946 1133 3011 canonicis.
1179 2945 1271 3030 Qua-

162 3062 299 3136 propter
320 3052 560 3117 subtraxerunt
580 3051 609 3116 ei
631 3051 837 3134 pensionem,
855 3061 889 3115 et
911 3052 981 3135 ipse
1001 3037 1154 3135 portauit
1170 3051 1271 3117 breue

164 3158 276 3241 Regis,
291 3167 352 3223 etc.

547 3308 614 3357 120.
659 3291 765 3356 Breue
786 3292 895 3376 Regis.

217 3441 398 3515 E[dwardus]
416 3443 470 3498 Dei
487 3443 584 3513 gracia
596 3453 647 3499 etc.
665 3443 824 3501 vicecomiti
844 3444 1026 3515 Cantebrigie
1042 3445 1169 3500 salutem.
1209 3445 1272 3498 Pre·
1287 3438 1304 3487 s·
1317 3438 1374 3542 {pb

162 3534 283 3604 cipimus
300 3531 350 3586 tibi
368 3531 445 3602 quod
461 3531 555 3586 venire
572 3532 661 3588 facias
677 3549 774 3588 coram
789 3533 952 3602 justiciarijs
970 3533 1073 3587 nostris
1090 3534 1167 3603 apud
1181 3535 1273 3588 West-
1286 3502 1395 3594 lllrled

163 3619 365 3675 monasterium
383 3635 401 3672 a
417 3617 463 3672 die
483 3618 592 3673 Pasche
607 3619 636 3672 in
654 3629 711 3673 tres
727 3620 901 3690 septimanas
915 3619 982 3673 .xii.
996 3629 1055 3674 tam
1072 3619 1175 3673 milites
1187 3637 1273 3690 quam
1280 3603 1391 3695 sfflffln

163 3709 234 3764 alios
256 3709 360 3764 liberos
382 3717 410 3763 et
432 3709 537 3777 legales
559 3707 689 3764 homines
711 3708 747 3763 de
766 3709 876 3764 visneto
897 3708 934 3764 de
954 3706 1135 3777 Cantebrigia
1154 3725 1272 3779 quorum
1287 3703 1389 3795 ¹⁰1¹>¹gg²3

163 3797 282 3869 quilibet
294 3797 398 3851 habeat
415 3805 531 3850 centum
543 3795 681 3852 solidatos
693 3807 767 3852 terre
784 3807 1009 3854 tenementorum
1023 3798 1068 3851 uel
1080 3797 1207 3851 redditus
1224 3814 1274 3867 per
1286 3763 1299 3805 ⁷
1363 3781 1369 3794 ’
1391 3763 1436 3805 ²⁹³¹

164 3902 271 3940 annum
288 3884 323 3938 ad
344 3883 436 3938 minus
455 3899 506 3954 per
522 3901 594 3954 quos
610 3885 651 3938 rei
668 3884 773 3938 ueritas
791 3883 892 3940 melius
909 3884 973 3939 sciri
991 3883 1104 3955 poterit,
1116 3895 1143 3938 et
1156 3883 1203 3955 qui
1221 3901 1274 3939 nec

164 3972 330 4040 magistrum
350 3969 473 4025 Alanum
496 3969 532 4025 de
553 3969 691 4024 Frestone
710 3987 762 4024 nec
785 3969 910 4027 Priorem
931 3971 967 4025 de
990 3969 1161 4026 Bemewelle
1180 3970 1275 4041 aliqua

164 4059 301 4115 affinitate
326 4059 478 4128 attingunt,
501 4058 538 4114 ad
563 4060 823 4126 recognoscendum
848 4076 933 4130 super
957 4069 1165 4114 sacramentum
1193 4075 1275 4114 suum

164 4148 250 4204 simul
269 4163 334 4202 cum
356 4145 423 4200 .xii.
444 4145 545 4216 juratis
567 4145 603 4201 de
622 4147 757 4202 comitatu
778 4145 925 4200 Londonie
944 4146 967 4200 si
986 4155 1051 4218 post
1069 4145 1274 4202 confectionem

165 4237 312 4294 cuiusdam
333 4234 431 4306 scripti
449 4235 526 4306 quod
544 4235 661 4306 quidam
678 4235 799 4305 Jolanus
817 4235 1000 4306 predecessor
1017 4233 1135 4305 predicti
1156 4233 1276 4291 Prioris²

213 4363 223 4397 ¹
242 4364 279 4414 Le
296 4363 369 4414 Neve
386 4362 446 4428 (Ed.
464 4365 533 4426 1854,
548 4363 607 4414 Vol.
622 4365 648 4414 ii.
661 4365 720 4427 48²)
736 4379 793 4428 says
808 4363 862 4414 thot
879 4364 911 4414 he
924 4379 975 4416 was
991 4363 1157 4415 Arohdeacon
1169 4363 1195 4414 in
1214 4363 1275 4426 1276

165 4447 214 4499 md
236 4448 304 4497 reto.
665 4443 676 4477 ¹
695 4447 785 4496 Peioris
796 4453 829 4506 et,
844 4445 901 4496 MS.
