3212 5064
167 375 229 476 111]
382 378 501 453 Land
521 379 680 454 claimed
700 381 744 478 by
768 380 901 480 Agnes
927 382 1056 456 Morel
1205 402 1270 473 105

165 576 218 631 est
232 567 323 650 quod
339 586 415 631 cum
431 588 521 631 anno
533 569 626 651 regni
644 569 746 652 Regis
761 569 898 634 Henrici
916 569 973 654 filij
993 571 1095 653 Regis
1111 569 1274 655 Johannis
1286 590 1408 692 prement

165 669 245 754 ,liij⁰.
275 671 309 735 in
339 673 485 736 crastino
516 673 733 738 Assencionis
763 674 940 752 dominice,
971 675 1126 739 videlicet
1155 675 1189 737 in
1219 673 1274 736 die
1287 691 1438 784 &geppan-nu

168 775 381 840 Inuencionis
402 777 526 842 Sancte
548 776 673 854 Crucis,
689 777 777 842 sacta
799 778 860 842 suit
882 779 1057 863 inquisicio
1078 777 1168 862 apud
1186 778 1343 894 Can-5333
1352 790 1433 884 gge-

164 879 341 962 tebrigiam
363 900 474 944 coram
496 879 635 945 domino
655 880 809 965 Johanne
831 882 861 946 le
884 883 1011 966 Moyne
1032 893 1111 947 tunc
1135 882 1273 945 Domini
1286 891 1433 995 popum.

167 981 270 1066 Regis
292 984 495 1048 exchaetore
517 985 599 1048 citra
624 985 795 1062 Trentam,
810 1007 870 1069 per
892 986 993 1051 breue
1016 985 1145 1050 domini
1170 985 1274 1068 Regis
1353 970 1360 985 ’

166 1088 228 1151 sibi
256 1086 428 1165 directum,
454 1090 688 1171 proquodam
715 1089 852 1153 muliere
879 1089 969 1154 dicta
994 1088 1130 1172 Agneta
1158 1089 1274 1166 Morel‚

166 1191 234 1256 alio
259 1192 395 1257 nomine
426 1192 588 1276 Noteling
613 1194 796 1268 nominata,
824 1214 925 1277 super
950 1193 1083 1258 duobus
1108 1193 1275 1258 articulis:

166 1307 275 1361 vtrum
288 1295 442 1361 videlicet
459 1296 552 1360 Prior
565 1306 600 1361 et
619 1296 813 1362 Conuentus
826 1298 869 1361 de
881 1296 1082 1362 Bernewelle
1098 1297 1275 1362 dimidium

166 1399 254 1465 feodi
278 1401 375 1465 unius
397 1401 512 1466 militis
533 1410 685 1465 tenerent
710 1402 744 1464 in
766 1402 876 1485 capite
898 1402 940 1465 de
961 1402 1101 1465 domino
1124 1402 1218 1486 Rege
1241 1402 1274 1466 in

168 1504 387 1588 Maddingele
412 1505 497 1569 sicut
524 1506 596 1589 ipsa
623 1504 798 1569 consilium
825 1505 953 1569 domini
983 1505 1087 1590 Regis
1118 1505 1195 1571 iecit
1226 1507 1274 1571 in·

166 1609 334 1692 telligere;
365 1620 399 1675 et
429 1621 539 1675 vtrum
572 1609 740 1676 Robertus
772 1609 879 1674 Morel
909 1611 967 1694 qui
998 1609 1060 1676 suit
1090 1611 1274 1675 auunculus

166 1714 256 1780 dicte
282 1716 427 1799 Agnetis
454 1726 577 1781 terram
604 1715 696 1780 iliam
727 1735 785 1778 seu
813 1725 1041 1780 tenementum
1069 1716 1113 1780 ad
1144 1714 1273 1780 firmam

166 1820 292 1884 dimisit
308 1821 406 1885 dictis
423 1821 525 1884 Priori
542 1829 576 1886 et
593 1821 784 1886 Conuentui
799 1819 842 1883 ad
860 1821 1038 1884 terminum
1051 1822 1108 1904 qui
1125 1820 1274 1905 preterijt

165 1945 261 1990 mxx.
282 1927 378 1988 annis
402 1925 533 2009 elapsis,
554 1927 639 1989 sicut
658 1925 731 2009 ipsa
750 1925 891 2000 dicebat,
906 1923 959 1988 vel
979 1945 1139 2008 umquam
1159 1926 1222 1990 suit
1241 1927 1273 1988 in

166 2049 314 2113 saysyna
331 2029 418 2093 illius
434 2039 528 2093 terre.

231 2135 288 2198 Ad
305 2155 390 2218 quos
406 2131 564 2198 articulos
580 2152 776 2216 responsum
794 2131 856 2196 suit
871 2153 931 2216 per
946 2133 1115 2212 iuratores,
1131 2154 1273 2218 quorum

166 2239 303 2303 nomina
324 2237 511 2322 subscripta
531 2252 619 2315 sunt,
634 2240 724 2322 quod
747 2258 918 2322 nunquam
939 2246 1168 2303 tenementum
1190 2238 1272 2302 illud

165 2340 209 2406 de
228 2363 296 2426 quo
317 2342 406 2406 sacta
425 2353 476 2406 est
497 2343 627 2406 mencio
649 2343 682 2406 in
703 2343 812 2425 capite
832 2339 889 2406 de'
906 2343 1045 2406 domino
1067 2342 1161 2426 Rege
1181 2353 1272 2407 tene·

165 2449 272 2526 batur,
287 2468 348 2512 nec
370 2448 478 2513 dictus
501 2448 669 2512 Robertus
691 2449 798 2513 Morel
820 2450 862 2512 ad
885 2448 1015 2513 firmam
1037 2459 1159 2513 terram
1182 2450 1272 2513 illam

165 2553 302 2630 dimisit,
324 2573 385 2616 nec
411 2554 527 2630 tenuit,
555 2574 616 2618 nec
642 2539 811 2635 saysinam
839 2553 965 2631 habuit,
991 2553 1155 2617 addentes
1181 2554 1271 2637 quod

164 2658 229 2722 hoc
249 2662 417 2724 sciuerunt
438 2681 496 2744 per
517 2659 600 2723 hoc:
625 2659 780 2744 Quedam
804 2659 927 2723 Basilia
944 2658 1062 2735 Morel,
1076 2671 1110 2722 et
1131 2659 1199 2724 duo
1215 2658 1272 2742 filij

164 2763 237 2828 eius
259 2763 425 2828 Robertus
447 2775 481 2828 et
504 2764 617 2847 Hugo,
635 2775 668 2828 et
690 2763 819 2848 Quena,
835 2774 986 2847 tempore
1012 2765 1114 2848 Regis
1139 2765 1273 2829 Ricardi

164 2887 254 2932 anno
284 2869 346 2952 .vj⁰.
378 2869 478 2933 breue
508 2869 636 2933 domini
670 2868 773 2952 Regis
803 2870 846 2933 de
883 2878 989 2934 morte
1025 2881 1273 2934 antecessorum

165 2983 384 3056 portauerunt
410 2993 510 3056 super
535 2973 681 3036 Priorem
708 2984 743 3037 et
767 2974 980 3064 conuentum
1005 2973 1048 3038 de
1071 2973 1274 3039 Bernewelle

165 3076 291 3140 dictam
313 3089 435 3141 terram
456 3087 536 3140 tunc
558 3086 709 3160 tempore
730 3086 893 3153 tenentes,
907 3087 942 3141 et
963 3079 1053 3161 quod
1071 3076 1178 3142 finalis
1194 3099 1272 3142 con·

164 3181 279 3245 cordia
292 3180 380 3244 sacta
390 3181 452 3246 suit
462 3183 581 3246 eodem
595 3181 771 3266 [tempore]
785 3182 870 3246 inter
883 3185 972 3266 ipsos
983 3182 1167 3247 secundum
1181 3183 1271 3266 quod

165 3284 358 3368 plenissime
379 3287 568 3350 continetur
589 3287 623 3350 in
644 3287 854 3370 cyrographo
870 3289 956 3350 inter
971 3309 1028 3351 eos
1044 3309 1144 3371 super
1158 3287 1222 3350 hoc
1239 3287 1270 3350 in

164 3389 282 3452 eadem
305 3391 395 3453 curia
416 3391 545 3454 domini
568 3391 671 3472 Regis
687 3390 850 3464 coniecto,
865 3391 913 3453 ita
928 3392 1018 3474 quod
1034 3391 1125 3455 dicta
1142 3391 1273 3469 Basilia,

166 3492 343 3569 Robertus,
366 3494 469 3578 Hugo
492 3501 527 3559 et
551 3493 678 3578 Quem,
701 3493 802 3558 nichil
823 3494 906 3577 juris
929 3496 962 3557 in
986 3495 1077 3558 dicta
1099 3505 1187 3559 terra
1209 3495 1271 3558 sibi

164 3604 323 3679 poterunt
343 3599 576 3681 inperpetuum
599 3597 784 3663 nendicare.
831 3597 978 3663 Nomina
1001 3598 1185 3680 juratorum
1212 3600 1272 3662 hec

165 3711 262 3765 sunt:
284 3702 441 3767 dominus
465 3703 635 3768 Robertus
659 3703 701 3767 de
723 3703 889 3782 Conitone
911 3703 1014 3782 miles,
1033 3702 1204 3785 Johannes
1231 3703 1273 3767 de
1287 3710 1305 3760 f.
1318 3711 1374 3774 38b

165 3803 331 3888 Drayton,
348 3807 512 3872 Ricardus
529 3805 656 3890 Aubyn
678 3807 720 3872 de
741 3808 870 3884 eadem,
888 3807 1056 3872 Henricus
1076 3807 1209 3874 Catelin
1230 3807 1274 3873 de

164 3909 294 3988 eadem,
320 3911 508 3977 Willelmus
535 3913 680 3977 Wombe
706 3911 749 3976 de
779 3912 908 3990 eadem,
932 3913 1104 3995 Johannes
1127 3911 1275 3996 Gynant,

168 4015 335 4080 Henricus
358 4015 498 4094 Stibbel,
526 4016 715 4081 Willelmus
740 4018 827 4093 Prat,
851 4017 1003 4100 Rogerus
1029 4018 1071 4082 de
1100 4017 1273 4094 Stantone,

165 4118 281 4184 Adam
306 4119 404 4204 Leyr,
427 4120 598 4205 Johannes
621 4122 664 4185 de
687 4121 862 4200 Grancete‚
889 4121 1051 4187 Ricardus
1076 4121 1273 4198 Belebuche,

165 4224 284 4288 Petrus
300 4222 330 4288 le
348 4223 452 4302 Clerc‚
468 4225 640 4308 Johannes
660 4225 871 4302 Gotobedde,
886 4227 1057 4309 Johannes
1078 4226 1122 4290 de
1140 4227 1272 4292 Howes.

644 4391 654 4426 ¹
672 4397 706 4457 in,
727 4395 783 4446 MS.
