3222 5086
350 383 416 432 122
435 359 589 433 Bruma
614 359 738 447 bunut,
765 359 847 433 and
868 358 1070 434 Barawall
1089 359 1312 434 threatened
1329 357 1452 458 [soon

343 543 434 626 quod
455 543 501 608 ibi
520 554 591 608 erat
610 543 812 610 deecclesia
831 555 866 610 et
888 545 933 610 de
951 545 1056 610 tribus
1079 548 1241 611 carucatis
1263 555 1350 612 terre
1371 565 1451 610 con·

344 657 584 712 cremauerunt
632 647 797 713 Homines
828 669 907 714 uero
938 648 1025 713 illius
1055 648 1134 714 uille
1164 650 1328 732 sugerunt,
1355 658 1390 713 et
1416 648 1451 712 in

182 777 249 820 now
343 762 440 818 tanto
470 753 651 818 infortunio
681 754 838 819 nonfuit
867 755 925 837 qui
956 755 1138 820 adiuuaret
1185 754 1318 820 Cotidie
1344 755 1451 818 eciam

180 828 319 972 Ξῗιιιῖιρέιοη
345 869 508 924 uenerunt
531 859 671 924 ministri
694 860 879 943 iniquitatis
902 861 945 925 ad
971 859 1158 924 Prioratum
1182 859 1225 924 de
1250 857 1452 924 Bemewelle

181 979 223 1022 rae
214 979 330 1071 suoru
343 973 378 1027 et
402 963 447 1027 ibi
471 964 689 1029 comederunt
712 974 746 1028 et
769 965 933 1042 biberunt,
954 973 988 1028 et
1010 985 1167 1048 magnam
1191 963 1450 1029 destructionem

180 1030 244 1174 ἓξὲξ
236 1081 374 1182 egea
345 1061 500 1128 lecerunt
539 1064 700 1129 Canonici
712 1085 792 1129 uero
793 1065 966 1147 ,quamuis
982 1065 1141 1141 nolentes,
1154 1064 1283 1130 uultum
1299 1063 1450 1129 hillarem

131 1190 132 1193 ¹
181 1181 289 1284 23¹⁸
256 1231 315 1274 md
345 1167 393 1231 eis
423 1168 675 1250 protendebant,
704 1180 740 1232 et
768 1189 845 1233 curn
879 1169 927 1232 eis
964 1168 1187 1233 comedebant
1218 1179 1251 1233 et
1282 1168 1455 1244 bibebant,

179 1282 264 1376 3213
254 1289 332 1374 33⁶·
346 1291 477 1355 semper
500 1272 681 1336 hesitantes
704 1292 747 1336 ne
768 1273 914 1337 deterius
937 1273 1154 1356 contingeret
1199 1271 1351 1355 Contigit
1370 1291 1452 1354 ergo

179 1383 306 1534 ξξξξξξτ
346 1378 437 1460 quod
475 1378 612 1460 quidam
652 1379 703 1441 uir
739 1388 865 1442 stature
901 1399 1032 1462 magne,
1066 1377 1175 1442 dictus
1211 1376 1382 1460 Philippus
1419 1375 1450 1438 le

346 1481 546 1565 Champion,
571 1481 719 1546 diluculo
749 1482 827 1548 fecit
854 1482 1000 1547 Priorem
1027 1482 1169 1547 excitari
1196 1480 1239 1545 de
1266 1481 1353 1546 lecto
1380 1500 1451 1556 suo,

345 1586 500 1669 dixitque
522 1586 566 1650 ad
589 1607 686 1650 eum:
720 1585 794 1649 Vola
813 1585 928 1650 habere
947 1587 995 1650 ad
1013 1599 1090 1670 opus
1112 1585 1240 1650 domini
1262 1585 1328 1650 mei
1348 1594 1450 1648 tabam

344 1687 476 1754 bladum
498 1700 599 1766 tuum,
614 1699 646 1754 et
664 1699 765 1754 totum
786 1689 947 1754 braesium
968 1699 1070 1764 tuum,
1089 1699 1121 1752 et
1141 1698 1242 1752 totum
1264 1688 1451 1752 lardarium

344 1801 446 1856 tuum.
497 1789 529 1854 T
525 1790 605 1856 rade
621 1791 728 1874 egitur
744 1789 829 1854 mihi
846 1791 959 1854 claues.
999 1790 1253 1873 Responditque
1276 1790 1384 1853 Prior:
1410 1787 1454 1854 Si

344 1896 456 1960 amnia
471 1895 524 1958 uis
538 1895 660 1974 habere,
677 1906 752 1960 tunc
765 1917 828 1959 non
836 1907 1011 1979 possumus
1025 1895 1077 1959 hic
1084 1907 1282 1978 pernranare.
1329 1892 1451 1976 Super-

346 2009 508 2063 uenerunt
528 2018 607 2062 uero
627 2000 694 2064 duo
715 1999 770 2080 alij
793 2001 849 2082 qui
870 2010 965 2064 erant
986 2000 1028 2064 de
1049 1999 1174 2063 familia
1197 1997 1325 2062 domini
1348 1998 1386 2061 R.
1409 1997 1452 2062 de

348 2101 532 2178 Kerebrok,
553 2103 610 2185 qui
632 2111 704 2166 erat
724 2103 852 2166 amicus
874 2103 1002 2180 Prioris,
1018 2102 1243 2186 dixeruntque
1262 2103 1305 2164 ad
1329 2100 1452 2183 Philip·

246 2208 264 2260 f·
276 2209 335 2273 45b
348 2227 428 2290 pum
442 2227 449 2270 :
474 2205 597 2272 Omnia
612 2205 693 2269 bana
710 2205 807 2269 estias
820 2205 935 2270 mars
948 2216 1026 2270 sunt
1038 2215 1163 2288 seysyta
1176 2205 1225 2269 ad
1235 2215 1313 2287 opus
1327 2203 1456 2268 domini

347 2313 453 2376 nostri
469 2322 501 2375 et
518 2321 554 2376 tu
574 2311 627 2374 aas
645 2331 682 2374 ea
700 2310 856 2394 auferre?
901 2309 947 2375 Et
967 2310 1140 2394 Philippus
1156 2311 1223 2374 ait:
1246 2309 1320 2393 Ego
1341 2308 1453 2372 amara

344 2416 512 2498 asportaba
536 2417 626 2479 mala
644 2416 762 2498 gracia
787 2424 904 2480 uestra.
951 2414 997 2479 Et
1019 2415 1073 2498 alij
1099 2415 1358 2499 responderunt:
1385 2413 1454 2476 Per

338 2520 460 2604 plagas
480 2521 547 2585 Dei
563 2541 627 2585 nan
640 2521 754 2601 sacras.
801 2519 846 2583 Et
866 2521 913 2584 sic
934 2531 1007 2584 orta
1027 2528 1079 2584 est
1094 2519 1269 2583 contencio
1285 2520 1452 2594 intereos,

345 2634 380 2689 et
395 2634 617 2689 extraxerunt
628 2623 759 2707 gladios
772 2625 813 2686 ad
828 2633 993 2687 mutuose
1008 2622 1253 2688 interficiendos
1270 2623 1302 2686 in
1319 2633 1450 2687 tantum

346 2729 437 2813 quod
459 2729 713 2794 circumstantes
734 2729 793 2791 uix
809 2737 966 2810 poterant
981 2749 1038 2792 eos
1059 2728 1183 2792 sedare.
1229 2727 1452 2790 Recesserunt

346 2855 426 2918 ergo
448 2855 524 2898 cum
545 2833 654 2898 surore
675 2852 798 2916 magno
819 2832 863 2896 ad
885 2832 1174 2896 determinandam
1191 2831 1401 2914 questionem
1419 2833 1451 2894 in

349 2938 462 3003 Insula
477 2957 589 3003 coram
606 2937 751 3002 dominis
766 2937 844 3014 suis,
860 2935 960 3000 nichil
975 2936 1039 3000 hac
1055 2936 1127 2999 uice
1142 2944 1360 3018 asportantes

443 3194 492 3258 34
536 3175 589 3240 De
610 3175 751 3240 aduentu
774 3175 877 3260 Regis
898 3173 1069 3259 H[enn'cr]
1090 3173 1211 3238 eteius
1232 3194 1360 3238 recessu.

183 3299 356 3491 {253}qu
411 3338 566 3403 Audiens
582 3350 695 3405 autem
712 3361 772 3404 rex
788 3339 878 3422 quod
899 3337 1058 3402 insulares
1075 3338 1181 3401 multa
1201 3335 1452 3401 malefacerent

183 3462 219 3542 ξ
198 3455 333 3551 υξῃξξξῑε
346 3443 380 3507 in
396 3442 534 3508 circuitu
546 3445 637 3507 venit
653 3464 729 3508 cum
746 3465 871 3526 magno
883 3442 1032 3507 exercitu
1045 3441 1087 3506 ad
1102 3441 1214 3506 villam
1229 3439 1452 3523 Cantebrigie,

183 3550 333 3652 ξξξὴ·
258 3600 323 3644 som
347 3557 381 3612 et
396 3548 442 3612 ibi
458 3547 698 3631 hospitabatur.
738 3548 815 3610 Rex
831 3567 910 3610 uero
927 3545 1137 3623 Alemannie,
1151 3545 1315 3609 Ricardus
1326 3544 1453 3610 scilicet

182 3668 327 3771 {³2:332
348 3654 447 3719 irater
464 3653 576 3736 Regis,
592 3652 849 3735 hospitabatur
842 3672 874 3715 rn
892 3652 1041 3715 Prioratu
1058 3653 1101 3715 de
1119 3649 1327 3715 Bernewelle
1374 3651 1452 3714 Rex

182 3819 207 3860 di
185 3770 279 3862 πξᾱξὲ.
276 3769 325 3862 ξύ
347 3779 426 3824 uero
442 3759 520 3823 lecit
533 3755 689 3822 edificare
704 3767 826 3840 portas,
842 3767 876 3822 et
892 3756 998 3822 lacere
1015 3755 1180 3820 lossatas'
1171 3777 1204 3819 m
1222 3757 1359 3820 circuitu
1375 3756 1453 3820 ville

182 3869 255 3960 {²⁶¹¹
195 3881 314 3962 mdo
347 3884 423 3928 cum
440 3883 563 3945 magna
578 3861 765 3945 diligencia,
777 3883 837 3926 nec
853 3863 1003 3944 permisit
1015 3862 1182 3944 operarios
1195 3861 1312 3926 diebus
1325 3860 1453 3926 lestinis

184 3976 263 4012 lm·
347 3968 390 4033 ab
405 3987 505 4050 opere
517 3967 651 4049 incepto
663 3986 799 4030 cessare
831 3966 975 4030 Ministri
989 3985 1067 4029 uero
1079 3985 1166 4048 regis
1177 3965 1300 4029 cotrdre
1312 3965 1453 4030 exibant

347 4093 406 4155 per
426 4070 599 4134 circuitum
618 4069 771 4134 Insule'
746 4091 773 4134 ει
789 4071 873 4134 sorte
890 4079 1027 4154 possent
1041 4069 1171 4151 aliquos
1192 4069 1234 4134 de
1253 4068 1452 4134 insularibus

346 4173 635 4260 comprehendere.
682 4173 849 4238 Exierunt
871 4195 951 4257 ergo
973 4173 1111 4257 quidam
1139 4174 1300 4238 insulares
1327 4176 1370 4238 de
1393 4195 1452 4237 sua

347 4282 469 4346 uirtute
499 4277 714 4356 confidentes,
741 4289 774 4342 et
803 4288 963 4360 ceperunt
994 4277 1083 4342 mala
1110 4277 1217 4343 facere
1245 4279 1278 4342 in
1305 4278 1384 4342 villa
1409 4279 1453 4342 de

349 4381 659 4468 Hominggesheye,
689 4383 871 4446 secundum
902 4383 993 4465 quod
1024 4391 1274 4460 consueuerant,
1306 4381 1338 4445 in
1374 4402 1452 4446 con-
