3222 5086
341 357 409 456 172'
571 361 609 437 V
605 363 751 462 z'carage
777 363 825 460 of
844 363 1006 439 Guilden
1032 365 1196 441 Mordere
1319 365 1439 466 [Boou

512 671 579 734 104
624 655 755 719 Littera
775 656 1006 741 Inquiricionir
1027 655 1077 720 ad
1093 655 1265 741 officfflm

169 855 278 899 mm
387 809 525 878 Magister
549 809 656 864 Alanus
682 810 718 866 de
748 812 898 867 Rolrelund
921 810 1050 866 officialis
1075 812 1206 882 Elyensis
1230 812 1352 867 discreto
1380 812 1441 866 viro

168 906 299 948 tneAreh-
332 896 442 952 officiali
461 898 568 953 domini
587 900 787 956 Archidiacoui
806 901 939 970 Elyeusis
957 902 1077 956 salutem
1095 901 1124 955 in
1143 899 1267 956 domino.

169 957 318 1059 ῗξῧξξέῑῗι.
386 987 621 1042 Presentauerunt
633 987 716 1043 nobis
730 989 867 1058 Religiosi
880 989 932 1044 uiri
945 988 1024 1044 Prior
1036 989 1072 1044 de
1086 989 1259 1045 Bernewelle
1271 999 1298 1044 et
1310 987 1440 1045 eiusdem

168 1057 312 1160 {ssfflffi
331 1074 385 1129 loci
399 1085 555 1130 conuentus
567 1077 673 1131 Lucam
686 1076 722 1130 de
734 1075 914 1145 Abingetone
925 1077 1110 1147 capellanum
1124 1077 1161 1131 ad
1173 1075 1307 1131 vicariam
1319 1075 1440 1132 ecclesie

168 1158 317 1262 {hffiffffm'
331 1162 367 1218 de
385 1163 644 1219 Gildenemordone
659 1173 809 1220 vacantem
823 1172 851 1220 et
864 1164 901 1219 ad
914 1181 1012 1221 eorum
1025 1164 1247 1220 aduocacionem
1260 1173 1439 1235 spectantem

332 1259 361 1302 ut
386 1248 491 1304 dicunt.
555 1250 699 1320 Quocirca
728 1250 895 1308 discrecioni
926 1261 1020 1308 uestre
1049 1251 1220 1306 mandamus
1250 1251 1384 1322 quatinus
1411 1250 1440 1306 in

330 1337 458 1406 proximo
476 1336 530 1392 loci
549 1337 673 1408 capitulo
691 1336 839 1409 inquiratis
857 1355 893 1393 an
912 1338 989 1394 dicta
1007 1336 1113 1394 vicaria
1137 1347 1226 1405 vacet,
1245 1348 1273 1393 et
1297 1337 1335 1393 ad
1358 1337 1439 1392 cuius

329 1425 552 1481 aduocacionem
569 1436 685 1498 spectet,
703 1437 730 1482 et
748 1426 828 1482 cuius
849 1437 893 1482 est
913 1427 1117 1496 estimacionis,
1133 1436 1161 1481 et
1179 1426 1216 1482 de
1233 1425 1296 1496 alijs
1314 1425 1439 1482 aniculis

329 1514 481 1581 consuetis,
505 1525 534 1570 et
558 1513 626 1586 quid
651 1531 736 1585 super
760 1515 814 1569 hoc
838 1513 1003 1570 inueneritis
1028 1514 1110 1570 nobis
1136 1531 1185 1584 per
1209 1514 1304 1570 literas
1329 1523 1439 1570 uestras

329 1601 472 1656 intimetis.

385 1690 491 1744 Datum
504 1689 579 1760 apud
592 1687 777 1759 'l'nrmpitone
790 1688 819 1743 in
832 1688 956 1744 crastino
968 1688 1031 1744 sesti
1045 1690 1172 1744 omnium
1184 1688 1352 1743 Sanctorum
1362 1704 1439 1743 auno

329 1776 726 1832 dominim⁰.cc⁰.lx⁰.nono.

460 1998 527 2065 105.
575 1983 747 2068 Inqurifflo
758 1985 857 2065 sacta
879 1984 918 2047 de
948 1983 1079 2049 Vican'a
1102 1984 1140 2048 de
1163 1983 1314 2048 Mordon.

165 2152 218 2195 'rue
228 2154 308 2196 Aren-
383 2139 456 2194 Uiro
472 2139 631 2194 venerande
651 2137 834 2194 discrecionis
850 2137 987 2210 magistro
1003 2137 1097 2193 Alano
1109 2137 1146 2192 de
1161 2137 1311 2194 Rolrelund
1324 2136 1437 2192 officiali

165 2205 284 2307 2532*
330 2227 446 2296 Elyeusi
467 2225 595 2281 officialis
616 2226 724 2280 domini
746 2225 946 2280 Archidiaconi
969 2225 1101 2295 Elyeusis
1126 2224 1225 2282 salutis
1250 2235 1345 2282 eterne
1369 2241 1436 2294 gau·

166 2284 255 2348 Μ
290 2335 295 2348 ·
328 2317 414 2371 diurn.

383 2403 553 2458 Mandatum
565 2413 689 2458 uestrum
703 2419 792 2473 nuper
803 2401 896 2471 recepi
910 2402 1029 2456 subhac
1042 2400 1139 2456 forma.
1179 2401 1318 2472 Magister
1326 2401 1436 2456 Alanus

328 2491 364 2546 de
384 2490 535 2546 Rolrelund
553 2489 681 2545 officialis
700 2490 832 2559 Elyeusis
850 2488 973 2545 discreto
994 2488 1055 2543 viro
1076 2488 1188 2544 officiali
1210 2489 1319 2544 domini
1335 2488 1434 2544 Archi·

328 2582 441 2638 diaconi
456 2580 586 2649 Elyensis
599 2579 719 2634 salutem
728 2588 780 2632 etc.
794 2587 825 2632 ut
840 2594 933 2648 supra
971 2578 1059 2633 Cuius
1074 2577 1242 2632 auctoritate
1260 2577 1387 2632 mandati
1405 2576 1435 2632 in

327 2669 382 2726 loci
407 2667 532 2740 capitulo
556 2667 721 2736 diligentem
746 2667 798 2721 ieci
823 2665 1039 2738 inquisicionem
1064 2682 1148 2736 super
1172 2675 1248 2720 statu
1272 2665 1375 2721 vicarie
1399 2665 1436 2722 de

328 2757 588 2816 Gildonemordone
606 2757 762 2828 spectantis
781 2757 819 2811 ad
842 2754 945 2810 Peioris
969 2755 1005 2810 de
1031 2755 1202 2809 Bemewelle
1225 2765 1254 2810 et
1278 2762 1435 2810 conuentus

327 2847 556 2903 aduocacionem.
594 2845 655 2916 Que
667 2844 736 2901 dicit
748 2844 825 2917 quod
838 2845 914 2900 dicta
927 2844 1033 2899 vicaria
1045 2854 1126 2897 vacat
1143 2860 1194 2914 per
1209 2844 1435 2914 resignacionem

327 2932 435 2989 domini
460 2932 598 3003 Johannis
623 2947 712 3002 nuper
736 2931 841 2986 Vicarii
865 2929 993 2987 eiusdem
1017 2930 1144 2997 ecclesie,
1168 2939 1197 2985 et
1224 2932 1301 3002 quod
1325 2940 1435 3001 spectat

328 3019 483 3075 aduocacio
507 3020 568 3075 siue
598 3019 774 3089 presentacio
804 3017 880 3075 dicte
910 3019 1014 3074 vicarie
1042 3020 1080 3073 ad
1111 3019 1218 3075 dictum
1250 3019 1375 3075 Priorem
1405 3031 1433 3076 et

327 3119 497 3164 conuentum
511 3109 547 3162 de
560 3108 740 3175 Bernewelle‚
753 3115 780 3162 et
793 3108 870 3178 quod
883 3105 959 3162 dicta
971 3107 1076 3163 vicaria
1088 3107 1219 3164 consistit
1234 3108 1263 3162 in
1280 3110 1432 3181 altaragijs,

327 3196 451 3267 exceptis
469 3196 647 3266 quibusdam,
661 3195 768 3250 scilicet
781 3195 892 3250 decima
905 3193 960 3250 feni
978 3205 1006 3251 et
1023 3195 1258 3264 molendinorum,
1270 3206 1301 3252 et
1317 3209 1434 3268 excepto

325 3285 417 3355 primo
432 3286 533 3356 legato,
551 3293 579 3338 et
595 3294 688 3354 preter
704 3283 830 3338 decimas
847 3285 883 3339 de
902 3284 980 3338 curia
997 3283 1065 3338 dicti
1080 3283 1185 3339 Prioris
1203 3285 1233 3339 in
1250 3286 1350 3340 eadem
1366 3286 1431 3340 villa

324 3372 531 3444 prouenientes‚
544 3383 572 3428 et
584 3382 702 3442 excepta
715 3383 789 3427 terra
801 3373 895 3442 legata
911 3373 935 3428 si
952 3389 1009 3444 qua
1024 3371 1115 3428 fuerit.
1154 3371 1232 3427 Dicit
1248 3372 1339 3429 eciam
1357 3375 1434 3429 dicta

324 3459 474 3532 inquisitio
490 3460 567 3531 quod
584 3459 661 3514 dicta
676 3459 782 3515 vicaria
799 3469 842 3515 est
854 3460 1043 3531 pensionaria,
1057 3476 1091 3514 eo
1107 3459 1183 3530 quod
1200 3459 1298 3515 vicarii
1315 3460 1364 3531 qui
1381 3478 1433 3533 pro

324 3561 451 3619 tempore
464 3547 575 3603 fuerunt
588 3556 797 3603 consueuerunt
810 3549 971 3618 persoluere
983 3547 1066 3602 dictis
1081 3547 1170 3601 Priori
1184 3558 1212 3602 et
1229 3549 1381 3604 conuentui
1394 3589 1400 3602 .
1406 3550 1431 3620 j.

324 3652 449 3691 marcam
466 3634 575 3704 argenti
593 3635 631 3689 ad
649 3635 722 3689 duos
734 3633 802 3690 anni
816 3634 950 3690 terminos
965 3654 972 3700 ς
990 3635 1067 3706 quod
1080 3634 1158 3689 dicta
1169 3635 1275 3690 vicaria
1288 3636 1325 3691 ad
1338 3636 1432 3692 minus

323 3724 399 3778 valet
415 3733 528 3777 centum
541 3721 647 3776 solidos
659 3741 666 3788 ;
685 3733 713 3777 et
725 3719 821 3791 vicarij
836 3722 883 3792 qui
895 3738 947 3792 pro
960 3730 1088 3792 tempore
1101 3720 1212 3777 fuemnt
1224 3735 1432 3779 consueuerunt

323 3811 417 3866 locare
429 3809 572 3880 quoddam
586 3825 717 3863 mansum
730 3825 747 3862 a
760 3809 837 3863 dicto
851 3809 945 3862 Priore
955 3818 983 3863 et
993 3819 1134 3863 conuentu
1145 3825 1196 3879 pro
1204 3820 1324 3879 quatuor
1333 3809 1432 3866 solidis

324 3899 471 3954 annuatim
483 3917 490 3965 ;
509 3906 536 3952 et
549 3896 626 3968 quod
639 3911 738 3950 omnes
751 3895 846 3963 vicarij
860 3895 908 3966 qui
921 3911 972 3965 pro
985 3905 1112 3965 tempore
1129 3895 1240 3951 luerunt
1253 3897 1431 3953 sustinebant

324 3987 420 4043 omnia
443 4001 530 4040 onera
553 3983 715 4049 ordinaria;
744 3993 772 4037 et
796 3984 873 4055 quod
898 3983 1019 4037 vicarius
1043 3983 1204 4055 quicunque
1235 3984 1316 4041 luerit
1345 3987 1431 4043 debet

323 4077 461 4132 sustinere
477 4071 633 4130 cantariam
650 4071 678 4127 in
693 4072 809 4143 Capella
822 4071 859 4125 de
872 4071 982 4126 Redree
995 4081 1037 4126 ter
1050 4070 1078 4125 in
1091 4071 1259 4126 ebdomada.
1298 4074 1430 4130 Preterea

322 4167 391 4221 dicit
410 4163 485 4236 quod
504 4178 626 4233 persona
643 4170 804 4232 presentata
823 4161 859 4214 ad
878 4160 998 4214 eandem
1018 4169 1060 4214 est
1078 4160 1153 4215 bone
1170 4161 1246 4215 fame
1264 4171 1292 4216 et
1311 4163 1430 4219 honeste

322 4249 551 4306 conuersacionis
564 4258 592 4302 et
604 4246 755 4302 laudabilis
769 4245 930 4302 testimonii.
977 4247 1011 4301 ln
1024 4247 1103 4302 cuius
1116 4247 1155 4302 rei
1168 4247 1362 4304 testimonium
1375 4261 1428 4307 etc.

376 4339 483 4392 Datum
496 4337 571 4406 apud
585 4335 796 4404 cantebrigiam
808 4335 855 4390 die
868 4334 997 4405 mercurij
1010 4335 1137 4406 proxima
1150 4347 1216 4391 ante
1231 4337 1334 4392 festum
1352 4339 1428 4395 beati

323 4425 464 4494 Nicholai,
474 4441 550 4480 anno
562 4423 669 4480 domini
681 4431 737 4478 m⁰.
748 4430 793 4478 cc⁰
801 4463 807 4477 .
816 4423 857 4477 lx.
867 4438 950 4477 nono.

1607 1993 1609 2088 l
