3222 5086
125 331 190 432 111]
356 335 432 410 The
459 337 628 435 Eyreat
656 333 885 434 Cambridge,
920 355 1011 429 1272
1166 359 1235 427 129

125 523 239 608 gracia
263 523 547 603 confirmacionis;
578 533 613 589 et
636 525 783 607 optinuit
807 525 964 607 episcopo
989 523 1132 588 multum
1157 545 1235 588 con·

125 630 304 713 gaudente.
352 630 426 693 Hec
447 639 561 694 autem
583 630 706 693 eleccio
729 628 818 693 sacta
841 628 903 693 suit
926 628 981 692 die
1003 627 1236 693 translacionis

125 734 234 798 sancti
257 733 439 815 Augustini
461 733 542 797 feria
562 735 686 812 tercia;
709 742 743 796 et
765 733 798 796 in
821 743 943 797 octauo
961 734 1024 807 die,
1040 733 1165 796 scilicet
1181 734 1236 797 die

126 838 233 903 sancti
260 836 374 910 Luce¹,
400 837 499 920 redijt
522 837 614 902 domi
639 848 673 903 et
699 837 887 902 installatus
910 847 961 902 est
983 848 1054 902 tam
1078 837 1111 900 in
1134 839 1236 902 choro

126 963 229 1026 quam
254 944 287 1007 in
310 943 467 1027 capitulo.

128 1177 178 1242 39.
224 1161 276 1225 De
302 1161 416 1226 itinere
433 1161 708 1246 Justiciarurum
734 1162 826 1244 apud
850 1161 1098 1245 Cantabrigiam
1120 1163 1237 1227 scilicet

289 1266 448 1348 magistro
468 1265 596 1364 liugero
617 1267 656 1330 de
679 1265 814 1349 Seytone
834 1277 866 1331 et
885 1268 979 1350 sociylr
999 1266 1076 1332 etius.

195 1419 300 1483 Anno
333 1421 425 1505 regni
462 1423 565 1504 Regis
600 1421 737 1486 Henrici
775 1421 834 1504 lvj⁰
868 1421 1027 1486 sederunt
1061 1421 1234 1505 justiciarij
1249 1421 1383 1524 3222&

128 1525 322 1590 itinerantes
338 1527 428 1610 apud
445 1526 715 1610 Cantebrigiam:
737 1526 893 1591 videlicet
909 1527 1067 1608 magister
1084 1527 1236 1610 Rogerus
1249 1523 1359 1624 3332?

128 1630 172 1693 de
187 1629 362 1712 Seytone¹,
376 1630 490 1694 Adam
510 1631 553 1694 de
575 1628 777 1707 Greneuile⁸,
793 1631 964 1714 Johannes
980 1633 1023 1694 de
1040 1628 1236 1708 Cobeham⁴,
1249 1633 1307 1676 ¹²⁷²·

130 1733 298 1800 Henricus
313 1736 356 1800 de
372 1735 629 1820 Wlhamptone⁸
644 1738 776 1813 milites,
789 1746 821 1800 et
839 1737 932 1800 Prior
947 1737 990 1800 de
1006 1735 1214 1820 Spaldinge⁶.

168 1974 220 2036 40.
265 1957 318 2020 De
332 1957 455 2040 phcito
476 1967 588 2022 contra
610 1956 763 2020 Priorem
785 1957 824 2020 de
848 1955 1058 2022 Chikesaund
1069 1966 1203 2040 propter

367 2073 483 2126 sectam
508 2063 606 2128 Curie
630 2061 766 2129 Comitis
791 2061 991 2127 Glaucestrie.

198 2211 236 2274 ln
261 2213 324 2275 hoc
347 2211 464 2275 itincre
487 2213 603 2275 uolens
626 2213 743 2276 nolens
767 2213 905 2277 intrauit
929 2211 1020 2275 Prior
1046 2213 1089 2275 de
1116 2211 1237 2276 Chike·
1250 2223 1384 2317 ffshcehffp‘gf

129 2314 237 2378 saund
261 2314 304 2379 ad
328 2315 588 2399 acquietandum
614 2317 760 2380 Priorem
784 2317 827 2380 de
851 2316 1054 2380 Bemewelle
1076 2316 1118 2379 de
1146 2326 1237 2380 secta
1250 2327 1322 2368 md-

129 2420 220 2484 curie
243 2420 333 2503 apud
357 2420 499 2486 Crucem
523 2421 633 2503 Roys⁷
655 2442 756 2504 quam
779 2421 979 2504 G[ilbertus]
1000 2441 1113 2484 comes
1135 2419 1234 2485 Glou-

129 2524 264 2587 cestrie⁸
289 2525 448 2606 exigebat
474 2546 534 2609 pro
556 2535 644 2590 terra
671 2527 714 2589 de
738 2526 926 2609 Pynecote;
957 2537 992 2590 et
1015 2526 1162 2590 leuatum
1186 2536 1237 2590 est

130 2627 208 2692 inde
239 2629 485 2712 cyrographum
518 2629 549 2692 in
583 2630 700 2693 itinere
730 2631 811 2712 ipso.
870 2631 915 2694 Et
954 2630 1043 2694 idem
1072 2630 1165 2694 Prior
1195 2631 1237 2694 de

130 2731 333 2796 Bemewelle
347 2732 442 2796 dedit
458 2733 560 2796 Priori
582 2733 625 2796 de
646 2732 861 2799 Chikesaund
875 2784 882 2797 .
895 2747 919 2793 v
931 2783 938 2798 .
950 2753 1078 2797 marcas
1095 2755 1155 2817 pro
1171 2731 1237 2797 fine

130 2845 164 2900 et
179 2833 382 2900 concordia’.

178 2981 187 3013 ¹
204 2983 288 3033 There
304 2983 326 3032 is
342 2998 412 3033 some
428 2981 535 3033 mistake
552 2982 619 3043 here,
634 2981 676 3032 the
694 2981 854 3032 Translation
871 2981 901 3031 of
914 2981 940 3032 S.
954 2981 1095 3046 Augustine
1112 2982 1188 3046 being
1205 2998 1237 3032 on

130 3063 199 3130 Sept
211 3064 227 3116 6
238 3064 289 3114 and
301 3064 344 3114 the
356 3064 377 3113 F
378 3073 431 3114 east
442 3063 471 3114 os
481 3065 507 3115 S.
524 3063 595 3114 Lulre
607 3079 641 3113 on
653 3064 711 3114 Oct.
727 3066 764 3114 18.
800 3065 823 3112 It
834 3063 880 3112 has
895 3063 958 3112 been
974 3063 1108 3128 suggested
1123 3065 1177 3113 that
1193 3080 1239 3115 our

130 3146 268 3199 chronieler
284 3146 362 3212 ought
374 3157 401 3196 to
412 3146 476 3196 have
489 3146 586 3197 written
597 3147 635 3196 ior
647 3147 674 3198 S.
688 3145 780 3197 Luke’s
792 3148 840 3210 day
851 3147 895 3196 the
907 3147 928 3196 F
928 3155 981 3196 east
993 3146 1022 3195 os
1035 3147 1078 3197 the
1094 3147 1238 3198 Exultetion

130 3229 159 3282 of
173 3230 216 3280 the
231 3229 315 3290 Crosa,
333 3229 404 3294 Sept.
424 3244 462 3294 ¹4·
495 3229 552 3278 The
569 3229 651 3278 words
669 3230 698 3278 in
715 3237 796 3278 octavo
812 3229 851 3279 die
868 3231 951 3279 would
968 3229 1028 3279 then
1046 3245 1126 3290 mean,
1145 3245 1178 3280 on
1195 3229 1239 3280 the

130 3313 217 3378 eighth
228 3313 278 3377 day
289 3311 352 3362 aiter
365 3311 408 3361 the
420 3311 588 3361 Transletiou.
626 3312 674 3361 We
689 3311 767 3376 ought
783 3312 890 3377 perhaps
905 3321 932 3362 to
948 3313 1007 3362 read
1020 3317 1036 3340 “
1045 3315 1070 3362 in
1082 3313 1182 3378 [vaiij0.
1197 3314 1240 3364 die

130 3395 272 3458 [Octobris]
282 3394 377 3444 scilicet
389 3394 430 3444 die
441 3395 520 3444 sancti
532 3393 627 3445 Luce.”

179 3479 190 3510 ¹
207 3478 286 3528 Chies
290 3478 381 3542 justice
391 3478 420 3528 oi
429 3479 471 3528 the
483 3479 607 3528 Common
621 3479 701 3536 Pleas,
713 3480 739 3528 d.
756 3482 823 3543 ¹²73·

179 3560 190 3593 ⁸
206 3563 231 3611 A
241 3559 330 3624 justice
341 3559 370 3611 oi
377 3561 421 3610 the
432 3561 558 3612 Common
571 3561 650 3612 Pleas.

179 3643 190 3674 ⁴
204 3643 272 3708 John
283 3643 316 3693 de
327 3643 443 3693 Cobham
457 3659 508 3692 was
519 3643 649 3694 advanced
660 3652 687 3693 to
699 3644 742 3694 the
754 3645 834 3694 bench
846 3651 872 3694 at
883 3645 1058 3695 westminster
1068 3645 1094 3694 in
1104 3646 1239 3712 February,

135 3739 205 3789 ¹²70·

180 3808 191 3840 ¹
208 3809 221 3858 1
233 3817 332 3874 suspect
344 3808 394 3859 this
405 3823 479 3858 name
491 3815 517 3858 to
529 3809 562 3858 be
573 3809 692 3859 intended
708 3807 746 3857 ior
762 3809 850 3872 Henry
863 3808 891 3858 oi
903 3809 1084 3870 Wolluveston,
1102 3826 1130 3861 or
1145 3810 1240 3861 Wolla·

132 3891 226 3950 vinton,
241 3907 257 3940 a
265 3890 355 3955 justice
366 3891 482 3941 itinerant
495 3891 521 3941 in
537 3890 596 3942 1268
608 3891 658 3942 and
673 3905 744 3954 ιαμ.

180 3971 191 4006 ⁸
205 3974 273 4040 John
284 3974 327 4024 the
340 3973 471 4031 Almoner,
486 3974 556 4024 Prior
568 3975 596 4024 oi
605 3974 728 4040 Spalding
740 3975 765 4024 in
778 3974 951 4025 Lincolushire
965 3988 1134 4040 1253—1274.
1170 3977 1240 4026 Mon.

133 4058 211 4122 Augu
223 4057 250 4106 ii.
263 4072 320 4123 ²09·
355 4057 398 4106 He
409 4072 461 4105 was
472 4057 610 4122 appointed
622 4055 735 4120 ejustice
746 4057 864 4108 itinerant
875 4058 900 4106 in
916 4069 985 4119 ¹²7²·

181 4149 191 4182 ⁷
210 4141 234 4190 A
252 4139 311 4204 lady
327 4139 408 4190 called
426 4141 509 4190 Roese
525 4155 554 4188 or
571 4140 666 4205 Roysie
681 4149 719 4190 set
736 4157 770 4206 up
786 4157 802 4191 a
819 4141 929 4206 wayside
945 4157 1013 4192 cross
1029 4157 1089 4192 near
1105 4141 1187 4192 which
1198 4142 1241 4192 the

133 4231 200 4272 town
212 4222 293 4272 called
307 4221 433 4286 Royston
445 4221 589 4272 afterwards
600 4238 675 4288 grew,
713 4221 800 4281 Skeet,
812 4224 886 4276 Place
895 4222 990 4275 Names
999 4224 1031 4290 ff
1038 4225 1134 4274 Cambs.
1150 4239 1186 4288 13·

181 4304 192 4337 ¹
209 4304 310 4355 Gilbert
318 4305 351 4354 de
363 4304 447 4362 Chre,
459 4303 520 4354 Euri
530 4303 560 4353 of
568 4304 723 4355 Gloucester.

181 4385 192 4418 ⁸
210 4388 270 4440 Feet
282 4388 311 4438 ol
321 4387 405 4449 Fines,
419 4387 484 4440 ease
498 4403 537 4452 25,
553 4388 608 4440 File
621 4403 660 4455 35,
676 4389 727 4438 No.
739 4405 780 4452 45.

214 4511 241 4558 C.
