3192 5102
133 413 192 514 vl]
464 416 660 491 Hundred
680 416 729 513 of
746 416 877 492 Staz'ne
1171 426 1237 494 261

128 603 310 688 socagium.
358 605 454 668 Idem
475 603 674 688 W[aiterus]
695 613 729 669 et
749 604 930 688 participes
950 605 1001 669 sui
1022 614 1139 670 tenent
1161 605 1242 672 ,xlii

128 727 223 774 acras
235 717 321 774 terre
331 710 374 774 de
387 709 487 774 feodo
496 709 539 774 dc
548 709 662 794 Burgo
673 729 733 793 per
744 711 925 793 socagium,
935 719 970 774 et
981 709 1106 776 debent
1115 721 1240 776 sectam

128 833 345 897 perannum,
368 823 403 880 et
425 815 527 880 iidem
551 816 677 881 debent
700 835 760 898 per
781 835 908 880 annum
932 814 1029 899 ,iiijd
1048 816 1091 880 de
1113 815 1241 882 auxilio

128 916 343 984 vicecomitis.
390 919 428 986 B.

194 1023 356 1090 Fodltam¹
387 1021 597 1109 [Fordham].
645 1023 812 1088 Henricus
845 1022 889 1088 de
920 1024 1117 1090 Kemesech'
1148 1033 1240 1090 tenet

128 1126 264 1192 feodum
277 1128 407 1193 dimidii
424 1128 539 1193 militis
551 1130 594 1193 de
606 1128 745 1193 domino
758 1129 853 1212 Rege
865 1128 899 1191 in
915 1128 1033 1212 capite
1072 1128 1240 1194 Robertus

128 1231 160 1296 le
183 1232 315 1315 Noreys
340 1241 433 1298 tenet
459 1231 594 1296 feodum
619 1231 750 1296 dimidii
774 1231 888 1297 militis
914 1232 957 1296 de
983 1231 1122 1297 domino
1146 1233 1240 1316 Rege

128 1337 160 1400 in
183 1338 301 1420 capite.
349 1337 480 1401 Ibidem
502 1347 580 1416 sunt
600 1336 644 1400 de
661 1335 856 1401 Dodeshide
876 1346 911 1400 et
932 1336 1034 1401 debet
1054 1345 1191 1414 sectam,
1206 1347 1239 1402 ct

129 1439 360 1524 Rumpeshide
383 1449 417 1502 et
441 1439 543 1503 debet
566 1449 704 1514 sectam,
728 1449 762 1503 et
786 1437 864 1503 vilia
891 1459 959 1503 non
985 1439 1087 1504 debet
1113 1450 1238 1506 sectam

127 1561 237 1626 neque
259 1541 424 1606 auxilium
447 1542 663 1607 vicecomitis.

191 1646 416 1730 Badlingham
432 1647 672 1732 [Badiingham
694 1649 728 1713 in
745 1648 1002 1733 Chippenham].
1048 1649 1240 1716 Euerardus

127 1752 159 1816 ie
175 1752 344 1834 Franceys
360 1761 453 1817 tenet
475 1752 611 1817 ieodum
627 1753 657 1835 .j.
673 1753 790 1818 militis
805 1754 849 1818 de
864 1754 990 1819 honore
1007 1755 1239 1822 Richmondie

129 1856 261 1921 ibidem
276 1855 378 1920 debet
398 1865 525 1920 sectam
547 1865 582 1921 et
601 1858 645 1921 de
663 1859 792 1922 auxilio
807 1859 1013 1923 vicecomitis
1034 1879 1093 1942 pcr
1114 1881 1239 1926 annum

127 1958 193 2042 ijs.
239 1958 371 2025 Ibidem
387 1969 465 2024 sunt
481 1960 535 2043 iij.
550 1960 629 2026 hide
644 1971 679 2026 et
694 1962 835 2026 dimidia
849 1962 1056 2045 geidabiles¹.

397 2216 602 2282 Hundredus
622 2217 661 2281 de
686 2217 790 2283 stane
812 2216 969 2303 [Staine].

193 2355 410 2420 Bodekeslzam
434 2356 663 2440 [Bottishami
708 2357 898 2422 Wiileimus
922 2357 1008 2423 filius
1037 2357 1174 2422 Martini
1204 2364 1268 2424 ets.
1286 2389 1327 2438 ψ

125 2459 298 2542 Johannes
320 2461 363 2524 de
388 2460 485 2525 Reile
505 2470 623 2526 tenent
644 2459 743 2525 seoda
763 2461 805 2543 .ij.
826 2461 970 2525 miiitum
987 2463 1029 2526 de
1050 2461 1175 2525 honore
1195 2460 1239 2526 de

127 2563 350 2646 Bukingham.
398 2565 529 2629 Ibidem
565 2566 666 2630 debet
705 2566 908 2631 Eustachius
937 2566 981 2630 de
1011 2565 1045 2630 ia
1080 2567 1175 2631 Lade
1207 2565 1237 2649 .j.

127 2677 253 2732 sectam
267 2679 300 2733 et
315 2669 418 2752 Hugo
431 2669 517 2734 filius
530 2670 714 2753 Augustini
725 2721 731 2735 .
733 2669 755 2753 j.
767 2680 893 2735 sectam
908 2692 968 2754 pro
979 2672 1141 2736 comitatu
1153 2691 1237 2754 quas

126 2775 228 2838 debet
243 2794 303 2856 pro
319 2783 391 2838 tota
403 2775 525 2840 villata.
565 2774 696 2840 Ibidem
712 2787 791 2840 sunt
803 2798 845 2841 .x.
857 2777 935 2841 hide
947 2787 1034 2842 terre
1045 2774 1237 2860 geldabiles,

125 2887 160 2941 et
176 2889 247 2942 tota
263 2877 342 2942 viiia
356 2879 456 2943 debet
469 2879 509 2962 ij.
523 2900 651 2944 marcas
667 2880 710 2945 de
721 2879 850 2945 auxilio
862 2881 1065 2945 vicecomitis
1077 2890 1112 2946 et
1124 2880 1237 2946 franco

127 2981 246 3066 plegio

195 3085 298 3166 Queye
321 3085 437 3170 [Quy].
485 3087 673 3152 Wiileimus
696 3088 738 3152 de
761 3087 915 3175 Hobrig}
937 3098 1030 3153 tenet
1051 3088 1185 3154 feodum
1208 3089 1237 3172 .j.

128 3193 242 3255 militis
257 3194 300 3255 de
315 3193 473 3276 episcopo
494 3193 641 3277 Eiyensi‚
656 3205 691 3258 et
706 3195 807 3258 debet
821 3193 852 3276 .j.
867 3203 1002 3258 sectam.
1048 3193 1237 3259 Wiileimus

126 3297 169 3360 de
193 3295 310 3378 Queye
335 3306 426 3360 tenet
450 3297 483 3360 in
508 3297 627 3380 Queye
656 3307 691 3361 et
722 3298 756 3360 in
783 3295 918 3362 Hatteli
940 3297 1076 3363 feodum
1107 3297 1236 3362 dimidii

127 3400 240 3465 militis
267 3402 309 3464 de
334 3401 505 3466 Wiileimo
536 3403 579 3466 de
612 3402 765 3488 Hobrigg
794 3403 851 3486 qui
882 3412 975 3466 tenet
999 3403 1032 3466 in
1060 3403 1170 3485 capite
1194 3403 1237 3466 de

125 3505 264 3569 domino
304 3505 403 3588 Rege.
452 3505 545 3570 idem
585 3505 772 3570 Wiileimus
808 3507 851 3569 de
883 3505 1013 3590 Hobrig
1041 3506 1143 3571 debet
1178 3527 1238 3590 per

126 3629 250 3672 annum
281 3609 324 3671 de
354 3610 483 3673 auxilio
520 3608 726 3673 vicecomitis
764 3628 825 3691 pro
864 3607 992 3692 Queye,
1030 3607 1236 3685 Bokeswrth,

126 3712 281 3788 Coniton,
304 3712 422 3790 Beche,
444 3712 633 3789 Grandem,
659 3711 807 3787 Hatteie,
831 3731 899 3775 ms.
945 3710 1113 3776 Albricius
1135 3713 1236 3776 debet

126 3826 261 3881 sectam.

192 3920 441 4004 Stowe[Stow].
480 3918 669 3984 Wiileimus
683 3919 849 4003 Engayne
860 3929 952 3984 tenet
968 3919 1102 3984 feodum
1119 3921 1235 4004 .xxvij.

127 4025 230 4107 partis
256 4024 284 4088 .i.
315 4024 430 4088 militis
459 4026 502 4089 de
531 4023 629 4088 feodo
660 4023 792 4087 abbatis
822 4023 865 4086 de
896 4023 1092 4107 Ramescye
1139 4025 1233 4088 idem

175 4159 183 4190 ¹
204 4161 233 4208 ln
246 4160 289 4210 the
303 4160 360 4210 MS.
369 4159 438 4210 these
450 4170 500 4210 two
507 4160 662 4226 paragrapho
671 4175 705 4208 on
715 4159 841 4209 Fotdhcm
853 4161 903 4210 and
916 4160 1083 4226 Badlingham
1095 4177 1137 4210 are
1146 4159 1234 4226 placed

125 4252 151 4294 at
164 4243 207 4294 the
218 4242 267 4292 end
279 4241 310 4292 oi
317 4241 360 4292 the
371 4241 466 4290 section
480 4240 582 4304 dealing
594 4240 654 4290 with
667 4239 903 4304 Huntingdonshire
913 4239 940 4304 (i.
954 4257 962 4290 ι
967 4256 997 4305 55
1007 4241 1042 4301 bi,
1055 4258 1080 4307 p.
1093 4255 1149 4306 ψ.
1179 4242 1235 4293 The

125 4326 224 4391 copyist
243 4325 293 4374 had
313 4323 441 4388 evidently
458 4323 564 4374 omitted
589 4323 667 4380 them,
687 4322 732 4373 but
754 4323 940 4389 subsequently.
958 4339 992 4374 on
1013 4324 1110 4390 finding
1131 4331 1175 4374 ont
1197 4325 1236 4376 bis

127 4407 243 4467 minate,
263 4405 346 4457 added
364 4405 432 4455 them
450 4414 475 4456 at
493 4407 536 4456 the
553 4406 611 4456 end.

176 4489 286 4555 'geldo
300 4491 356 4542 MS.
