3212 5064
453 359 512 432 his
538 360 660 456 agrees
685 386 731 434 on
757 385 781 434 a
807 387 963 457 voconcy
1208 386 1256 454 49

244 561 293 626 24
338 546 391 609 De
411 547 627 611 instrumento
648 546 736 630 quod
757 545 923 611 Gilbertus
945 545 1062 610 Pecclze
1076 547 1162 628 fecit

522 649 561 714 de
583 651 655 714 iure
668 661 874 734 patronatm.

211 787 435 870 Temporibus
465 787 553 852 bone
584 788 745 852 memorie
771 787 898 851 domini
925 787 1036 870 Jolani
1064 787 1185 850 Prioris
1212 787 1255 851 de
1269 785 1365 878 5¹33„

149 891 357 968 Bemewelle,
379 891 456 956 fecit
481 893 637 956 dominus
664 892 833 958 Gilbertus
858 891 983 956 Pecche
1006 892 1178 975 quoddam
1206 892 1254 956 in·
1268 885 1357 979 {23¹2}
1380 936 1420 979 m,

147 1001 366 1056 strumentum
390 992 422 1055 in
447 1013 514 1074 quo
537 992 727 1056 continetur
747 992 854 1056 forma
875 1013 934 1075 per
954 1012 1056 1075 quam
1074 993 1253 1076 proceden·
1266 986 1402 1090 fflssffl„

146 1097 223 1158 dum
245 1106 297 1159 est
320 1105 472 1177 ternpore
492 1094 679 1158 uacacionis
702 1094 840 1158 ecclesie
865 1095 1022 1177 predicte,
1044 1095 1137 1159 cuius
1158 1105 1254 1159 tenor
1267 1087 1411 1189 diii-iii..

146 1209 194 1263 est
215 1199 313 1263 talis:
1266 1187 1395 1281 iiiiii&

194 1311 337 1366 Omnibus
365 1311 418 1364 has
441 1311 549 1364 litteras
573 1309 741 1381 inspecturis
766 1309 910 1366 Gilbertus
936 1310 1045 1365 Pecche
1074 1310 1195 1366 salutem
1223 1309 1252 1364 in
1267 1314 1282 1363 l.
1299 1314 1328 1365 16

143 1399 258 1453 domino
282 1399 492 1468 sempiternam.
529 1397 649 1452 Nouerit
674 1396 844 1452 uniuersitas
867 1407 962 1453 uestra
986 1415 1032 1454 me
1054 1398 1092 1453 ad
1115 1397 1251 1452 dilucida-

143 1486 251 1542 cionem
277 1485 345 1540 iuris
369 1495 536 1556 patronatus
557 1487 633 1556 quod
655 1486 747 1540 habeo
767 1486 794 1541 in
817 1485 991 1541 monasterio
1012 1487 1048 1541 de
1071 1487 1251 1553 Bemewelle,

142 1592 205 1630 cum
217 1574 312 1646 ipsum
325 1590 428 1630 uacare
440 1573 597 1644 contigerit,
607 1590 660 1644 pro
672 1590 718 1628 me
730 1583 758 1628 ct
770 1573 923 1628 heredibus
935 1573 1006 1628 meis
1020 1575 1048 1628 in
1062 1573 1251 1644 subscriptam

141 1663 260 1718 sormam
276 1663 463 1730 consensisse,
476 1674 505 1718 et
519 1661 664 1718 canonicis
681 1661 808 1717 eiusdem
825 1661 1025 1718 inuiolabiliter
1042 1663 1251 1718 obseruandam

142 1752 324 1807 concessisse.

193 1839 363 1894 Ordinatum
381 1847 425 1893 est
441 1837 526 1906 igitur
542 1854 576 1892 ex
593 1837 736 1892 communi
752 1854 879 1904 assensu,
892 1854 956 1892 meo
970 1837 1101 1892 uidelicet
1113 1846 1141 1891 et
1154 1854 1249 1908 supra·
1263 1843 1364 1938 {xpm
1373 1907 1416 1937 ne

141 1927 279 1984 dictorum
298 1926 508 1992 canonicorum,
527 1926 603 1998 quod
626 1943 690 1981 cum
713 1926 906 1998 supradictum
925 1925 1129 1982 monasterinm
1147 1943 1249 1983 uacare
1263 1945 1388 1987 rotnrorm

141 2015 296 2086 contigerit,
309 2014 387 2086 quod
405 2015 442 2068 ad
461 2031 507 2068 me
525 2015 549 2068 si
567 2014 598 2067 in
616 2031 704 2084 regno
723 2013 826 2084 Anglie
844 2015 930 2082 fuero,
944 2015 989 2069 uel
1007 2014 1045 2068 ad
1062 2015 1249 2071 senescallum
1263 1995 1413 2089 Qssfdffl'

140 2121 232 2160 meum
251 2103 298 2177 qui
318 2121 369 2174 pro
389 2113 514 2173 tempore
532 2101 623 2170 luerit,
641 2103 665 2158 si
683 2113 763 2158 extra
780 2120 898 2172 regnum
916 2104 1003 2170 fuero,
1019 2103 1142 2159 debeant
1160 2121 1248 2160 unum
1262 2095 1338 2138 οἴω

140 2195 182 2248 uel
194 2195 268 2249 duos
281 2191 435 2247 canonicos
447 2191 590 2246 destinare
603 2200 631 2246 et
643 2208 694 2262 per
706 2191 822 2246 eosdem
834 2190 1019 2246 uacacionem
1032 2191 1075 2245 sui
1085 2192 1247 2262 monasterij
1262 2157 1374 2288 §effi

139 2281 309 2337 denunciare
325 2298 360 2336 ac
377 2281 470 2336 taliter
489 2281 601 2336 dicere:
619 2280 742 2334 Domine
758 2280 799 2334 ad
812 2297 863 2334 uos
879 2287 1026 2350 tamquam
1041 2280 1083 2334 ad
1088 2284 1248 2350 patronum
1262 2296 1396 2340 Thr-eone

137 2377 266 2425 nostrum
278 2370 440 2439 accedimus,
453 2377 481 2423 et
490 2369 668 2424 uacacionem
683 2368 783 2423 domm
798 2375 891 2424 nostre
906 2369 984 2424 uobis
996 2370 1208 2436 clenuncr'crmun
1222 2375 1250 2424 et
1261 2347 1412 2448 ξξζιξξῇω

138 2455 191 2532 [de]
207 2465 304 2514 uestro
320 2459 487 2530 beroeplacito
502 2458 544 2512 ad
555 2457 713 2513 electionem
731 2464 858 2512 nostram
866 2460 1056 2529 procedemus.
1090 2459 1155 2529 Quo
1172 2459 1247 2514 lacto
1261 2448 1344 2540 effi·
1353 2449 1413 2541 iffi}

138 2548 224 2617 petita
242 2547 361 2602 licencia
378 2547 443 2602 licet
460 2564 517 2602 non
536 2556 654 2618 optenta
671 2556 791 2618 possunt
809 2545 900 2603 redire
918 2548 1005 2603 libere
1021 2548 1058 2602 ad
1075 2546 1245 2617 eligendum.
1259 2548 1412 2642 gggpctffirm

139 2637 208 2691 Cum
221 2645 318 2692 autem
330 2634 430 2690 electio
447 2635 523 2691 facta
539 2635 630 2701 fuerit,
643 2634 748 2690 debent
763 2636 883 2690 electum
901 2652 983 2690 suum
1000 2635 1086 2690 michi
1099 2645 1245 2707 tamquam
1261 2649 1290 2689 be
1310 2648 1412 2691 nonum

137 2733 256 2794 patrono
272 2732 301 2779 et
317 2723 467 2778 heredibus
485 2723 555 2778 meis
573 2733 743 2794 presentare,
756 2733 785 2779 et
802 2740 971 2778 consensum
989 2741 1084 2778 meum
1096 2723 1245 2796 requirere.
1259 2697 1386 2800 mir„

138 2812 271 2868 Concedo
283 2823 379 2867 autern
396 2810 480 2867 dictis
496 2811 641 2867 canonicis
659 2820 689 2865 ut
706 2811 819 2866 racione
835 2821 1001 2882 patronatus
1014 2828 1099 2883 quem
1110 2812 1204 2868 habeo
1216 2811 1244 2867 in
1260 2814 1342 2858 troii·

137 2915 230 2954 eorum
251 2897 423 2954 monasterio
444 2895 549 2970 [nullus
571 2899 707 2955 heredum
728 2899 773 2953 vel
795 2914 990 2954 successorum
1011 2915 1138 2953 meorum
1155 2899 1245 2969 possit
1259 2871 1402 2958 ἶῗῖἶψ

136 2988 258 3060 aliquam
277 2986 502 3042 destruccionem
521 2985 614 3040 facere
633 2985 661 3038 in
680 2985 781 3041 eodem
799 2983 999 3057 monasterio]l
1016 2996 1145 3057 tempore
1162 3003 1244 3042 uaca-
1258 2967 1409 3060 ffiffi,

136 3075 223 3131 rionis
248 3075 310 3129 siue
334 3073 493 3142 uendendo,
515 3073 670 3144 largiendo,
695 3071 880 3127 distrahendo
904 3073 981 3128 bona
1007 3074 1172 3130 eorumdem
1196 3083 1244 3130 aut
1257 3066 1409 3160 ffiflghm

137 3163 273 3220 mutando
294 3161 388 3233 aliqua
409 3179 529 3234 quorum
550 3159 674 3217 mutacio
697 3159 734 3214 ad
754 3161 910 3231 dampnum
932 3161 1058 3217 eiusdem
1080 3161 1243 3231 monasteriJ¹
1257 3167 1372 3269 ifrgssss‘.

136 3249 192 3308 lore
204 3250 445 3321 comprobabitur.
480 3249 518 3304 Et
530 3260 560 3305 nt
573 3249 652 3304 nulla
663 3249 777 3304 occasio
789 3247 981 3303 distractionis
993 3249 1038 3304 uel
1051 3248 1243 3349 distructionrs
1257 3278 1370 3360 {ffiffiy

135 3340 189 3410 liat,
209 3341 275 3395 volo
300 3350 328 3395 et
350 3338 458 3396 eisdem
482 3338 627 3394 canonicis
653 3337 788 3406 concedo,
814 3347 844 3392 ut
870 3336 898 3391 in
923 3346 1049 3408 tempore
1074 3336 1243 3406 uacacionrs,
1258 3367 1347 3410 hm„

135 3427 269 3501 quamdiu
286 3426 489 3483 monasterium
508 3443 591 3482 suum
606 3443 710 3482 uacare
728 3424 886 3496 contigerit,
904 3442 960 3480 non
979 3425 1102 3480 habeam
1119 3440 1171 3496 ego
1190 3441 1243 3480 nec
1257 3418 1378 3513 ‘'³32¹'‘

134 3516 234 3588 aliquis
245 3531 441 3570 successorum
450 3530 578 3570 meorum
588 3513 643 3569 nisi
653 3530 741 3569 unum
753 3512 889 3569 famulum
902 3529 968 3568 cum
978 3529 1051 3585 equo
1060 3523 1089 3569 et
1101 3513 1242 3583 garcione,

134 3603 188 3675 qui,
210 3612 327 3674 propter
346 3601 573 3671 recognicionem
592 3601 662 3672 juris
683 3611 849 3673 patronatus
867 3601 923 3658 mei
940 3612 968 3657 et
987 3618 1114 3657 meorum
1133 3618 1242 3658 succes·

134 3709 236 3760 sorum,
244 3692 350 3748 habeat
358 3691 516 3762 simplicem
523 3691 749 3762 possessionem
759 3691 807 3762 qui
816 3689 1015 3746 nullamlaciat
1022 3692 1242 3749 destructionem

1297 2249 1391 2289 mouth.

132 3789 214 3852 prom
224 3780 352 3851 superius
362 3779 470 3834 dictum
480 3790 538 3848 est3
552 3780 603 3836 sed
610 3797 669 3836 una
676 3795 741 3836 cum
749 3779 915 3836 officialibus
923 3780 1025 3836 domus
1033 3797 1065 3836 se
1074 3780 1242 3838 intromittat

131 3867 348 3925 adsaluandum
358 3866 455 3922 omnia
463 3867 539 3924 bona
548 3867 618 3936 eius,
628 3869 720 3925 donec
729 3868 765 3924 de
775 3869 868 3938 priore
877 3868 1023 3939 prouisum
1032 3869 1114 3924 suerit
1124 3870 1241 3926 eisdem.

134 3956 219 4012 Hanc
232 3954 318 4024 igitur
329 3955 521 4026 supradictam
534 3954 654 4011 tonnam
667 3966 696 4012 et
712 3955 871 4010 libertatem
883 3956 1011 4011 concedo
1023 3955 1130 4012 eisdem
1143 3968 1242 4012 contra

132 4058 218 4114 quam
235 4042 302 4097 nolo
315 4040 392 4113 quod
403 4041 504 4113 aliquis
517 4042 654 4098 heredum
670 4043 715 4097 uel
731 4058 927 4098 successorum
943 4059 1071 4098 meorum
1088 4043 1194 4113 aliquid
1212 4044 1240 4096 in

129 4131 316 4203 preludicium
341 4129 468 4185 eiusdem
500 4131 663 4202 monasterij
693 4138 850 4200 attemptet.
894 4133 933 4186 Et
957 4141 988 4187 ut
1012 4131 1065 4186 hec
1093 4131 1241 4187 concessio

129 4218 339 4290 imperpetuum
351 4218 437 4273 robur
452 4217 557 4274 habeat
572 4227 600 4274 et
617 4217 787 4284 firmitatem,
800 4217 858 4273 duo
874 4218 1061 4273 instrumenta
1077 4218 1106 4272 in
1123 4217 1240 4271 modum

178 4330 189 4364 ¹
205 4331 290 4382 'I'hem
305 4329 395 4388 words,
407 4329 513 4382 omitted
529 4331 555 4380 in
571 4331 614 4381 the
630 4331 698 4389 MS..
712 4346 755 4381 are
770 4330 886 4396 supplied
901 4330 965 4380 from
981 4329 1024 4381 the
1040 4330 1199 4395 respeximus
1213 4328 1239 4378 in

129 4415 213 4465 which
224 4415 267 4464 the
278 4413 344 4464 deed
356 4413 377 4463 is
388 4413 490 4478 quoted.
527 4413 575 4466 See
587 4413 679 4476 below,
693 4413 775 4480 Chap.
787 4417 826 4472 28,
840 4431 864 4479 p.
881 4429 920 4476 52·

210 4531 237 4577 C.
1138 4533 1158 4587 4
