3222 5086
171 2281 237 2322 How
246 2289 293 2320 one

169 2331 196 2372 of
202 2331 245 2373 the

169 2392 263 2423 canons

169 2431 270 2473 shewed

171 2482 233 2524 Palu

172 2531 297 2574 Faverel'a

332 425 401 497 134
594 400 756 499 Dispute
781 400 890 476 about
913 429 938 476 a
963 401 1164 498 trist-way
1312 398 1433 502 [Boou

327 598 396 651 tam
423 588 466 650 de
493 586 653 650 diuitibus
678 605 781 668 quam
808 586 1020 670 pauperibuS,
1047 593 1081 649 et
1108 584 1247 668 singulis
1267 587 1434 667 personis,

327 691 408 775 quid
425 701 458 756 et
474 700 637 774 quantum
654 692 881 774 unusquisque
896 699 1032 768 teneret,
1048 700 1116 753 eta
1132 709 1208 772 quo,
1222 699 1257 754 et
1272 679 1331 772 per
1341 689 1433 772 quod

329 797 514 872 seruicium,
544 806 577 860 et
608 817 627 858 a
663 816 729 877 quo
760 806 931 878 tempore;
967 804 1000 859 et
1036 795 1161 858 multos
1192 796 1435 878 pretendebant

328 900 491 964 articulos.
540 899 638 963 Multi
662 919 742 981 ergo
766 899 927 963 maliciosi
950 910 985 963 et
1008 899 1111 964 inuidi
1135 899 1178 964 de
1200 901 1308 982 patria
1331 900 1435 982 erige·

329 1005 411 1068 bant
426 1006 587 1069 ceruicem
605 1004 711 1069 multa
728 1004 816 1069 mala
828 1003 987 1069 facientes
998 1014 1033 1067 et
1045 1003 1171 1068 maiora
1183 1005 1437 1068 comminantes.

332 1110 464 1174 Interea
479 1111 616 1192 quidam
639 1109 786 1172 maliuoli
808 1111 851 1173 dc
872 1109 1087 1192 cantebrigia
1106 1109 1330 1172 condixerunt
1351 1110 1438 1172 inter

330 1235 366 1280 se
388 1214 478 1298 quod
501 1213 624 1277 habere
647 1212 755 1278 solent
778 1223 813 1276 et
835 1213 878 1276 de
900 1214 970 1276 iure
993 1213 1102 1277 adhuc
1126 1213 1248 1276 habere
1275 1213 1436 1277 deberent

330 1319 496 1382 chasciam
515 1337 609 1380 suam
631 1336 707 1380 cum
728 1316 927 1379 animalibus
948 1317 1015 1380 suis
1037 1336 1097 1398 per
1117 1317 1264 1380 medium
1286 1316 1376 1378 curie
1395 1315 1438 1378 de

332 1421 534 1486 Bernewelle
569 1430 649 1484 ante
683 1421 859 1502 pistrinum
897 1420 1016 1484 Prioris
1053 1429 1086 1483 et
1123 1420 1369 1497 canonicorum,
1404 1429 1438 1484 et

333 1529 483 1602 riueram,
495 1525 650 1589 videlicet
662 1546 681 1587 a
693 1534 829 1607 pastura
841 1527 884 1590 dc
896 1523 1091 1589 Grcnecroft
1103 1545 1207 1607 usque
1220 1524 1252 1587 in
1266 1535 1437 1607 pasturam

332 1635 375 1697 de
396 1631 588 1707 Estenhale,
604 1639 638 1692 et
658 1649 677 1692 e
697 1648 868 1706 conuerso,
884 1639 1068 1692 asserentes
1087 1628 1177 1712 quod
1200 1628 1292 1691 Prior
1313 1627 1440 1692 leuauit

332 1756 427 1818 sepes
448 1744 482 1798 et
503 1735 653 1808 fossatas
670 1742 703 1796 et
723 1732 891 1796 chasciam
912 1731 1003 1796 illam
1027 1732 1245 1814 obstuppauit
1261 1751 1320 1815 per
1336 1731 1440 1815 negli-

331 1841 495 1924 genciam,
518 1860 574 1902 seu
596 1858 656 1921 per
678 1857 887 1914 consensum,
910 1837 1036 1900 Heruei
1060 1835 1226 1920 Gogging,
1246 1836 1303 1919 qui
1322 1846 1441 1920 postea

332 1965 368 2008 se
385 1944 462 2008 fecit
477 1943 684 2017 canonicum,
700 1951 734 2006 et
749 1941 840 2023 quod
857 1942 1038 2023 burgenses
1053 1941 1130 2004 ville
1149 1941 1193 2004 ob
1215 1941 1439 2008 reuerenciam

333 2049 435 2132 ipsius
460 2047 585 2110 Heruei
610 2045 734 2108 factum
758 2045 839 2108 illud
861 2044 1162 2108 dissimulauerunt
1209 2045 1299 2128 Quid
1322 2043 1441 2127 plura?

334 2153 486 2215 Murmur
509 2169 650 2230 magnus
674 2158 744 2212 erat
768 2150 940 2212 intereos.

399 2255 552 2320 Tandem
576 2255 716 2317 accessit
745 2255 883 2336 quidam
908 2254 1089 2317 canonicus
1115 2253 1158 2316 ad
1187 2251 1439 2335 cantebrigiam

334 2369 368 2424 et
390 2380 502 2423 coram
530 2358 744 2423 multitudine
771 2359 919 2422 ostendit
944 2369 1071 2424 cartam
1099 2357 1223 2440 Pagani
1248 2357 1383 2422 Peuerel
1407 2359 1442 2420 in

334 2484 401 2547 qua
423 2465 612 2528 continetur
639 2465 671 2526 in
696 2463 770 2540 line,
790 2464 881 2546 quod
906 2463 995 2527 idem
1016 2465 1170 2546 Paganus
1192 2463 1327 2526 Peuerel
1347 2463 1441 2526 dedit

170 2583 302 2626 chunuto
334 2569 501 2632 canonicis
522 2570 589 2631 suis
610 2571 653 2630 de
674 2566 888 2650 Cantebrigia
910 2567 1082 2649 quemdam
1105 2565 1206 2630 locum
1230 2567 1381 2629 iacentem
1405 2565 1440 2628 in

170 2635 213 2675 the
224 2632 286 2675 mal-

170 2688 294 2726 contenta.

334 2673 455 2754 campis
473 2672 513 2735 de
535 2671 742 2753 Cautebrz'gia
761 2671 846 2734 circa
857 2671 968 2751 fantem
987 2670 1026 2733 de
1039 2669 1234 2733 Bernawelle
1251 2669 1299 2733 ad
1309 2669 1441 2733 domum

334 2797 444 2840 earum
456 2775 673 2857 fundandam
693 2786 724 2838 et
741 2773 980 2851 stabiliendam,
1000 2775 1109 2857 quise
1128 2771 1270 2836 extaedit
1282 2794 1304 2834 a
1320 2794 1442 2856 magua

327 2881 440 2962 platea
457 2879 584 2943 insieco
603 2890 635 2942 et
651 2881 789 2944 maresco
810 2901 908 2963 usque
928 2881 962 2942 in
984 2879 1129 2944 riueram
1149 2879 1188 2942 de
1210 2877 1442 2960 Cantebm'gtal

336 2983 436 3066 Quod
452 3005 528 3046 cum
546 2985 706 3048 uidissent
721 2985 822 3048 emuli
844 3005 957 3047 eorum
980 2986 1227 3060 obmutuerunt,
1243 2985 1340 3046 amici
1362 3003 1442 3046 uero

336 3109 450 3151 eorum
467 3089 560 3151 letati
576 3098 662 3165 sunt,
674 3087 864 3172 frequenter
879 3091 1056 3153 recitantes
1068 3088 1149 3152 illud
1163 3088 1323 3151 uerbum:
1345 3107 1444 3169 usque

334 3192 370 3254 in
394 3193 547 3268 eiueram,
570 3193 712 3256 multum
736 3192 960 3276 ponderantes
986 3193 1076 3276 quod
1104 3214 1170 3256 non
1196 3193 1284 3256 dixit
1309 3200 1442 3257 tantum

335 3296 756 3381 usqueadm'aeram,sed
781 3298 935 3379 usquein
958 3299 1112 3362 riueram.
1173 3298 1270 3362 Tunc
1292 3317 1377 3360 vnus
1400 3295 1443 3359 de
1547 3343 1550 3348 -

335 3399 523 3464 astantibus
544 3421 763 3484 prorumpens
784 3402 952 3465 invocem
974 3401 1082 3466 dixit:
1112 3401 1234 3465 Adhuc
1249 3401 1340 3464 credo
1359 3399 1447 3482 quod

337 3504 391 3568 ille
404 3503 503 3568 bouus
517 3503 608 3567 hamo
622 3505 681 3588 qai
694 3515 741 3569 tat
753 3504 894 3570 ecclesias
908 3504 998 3568 vobis
1012 3505 1102 3569 dedit
1118 3514 1150 3568 et
1169 3515 1276 3568 terras
1294 3503 1445 3568 tradetur

337 3609 421 3672 inter
442 3630 499 3672 uas
519 3608 682 3673 obliuioni.
730 3609 823 3688 Quid
840 3611 926 3674 enim
940 3611 1059 3692 facitis
1073 3622 1137 3692 pro
1158 3632 1192 3674 ea
1214 3609 1322 3693 magu
1343 3629 1444 3692 quam

327 3726 392 3798 pro
421 3715 513 3779 alia?
559 3714 604 3777 Et
627 3715 806 3778 canonicus
829 3716 943 3786 statim
966 3718 1157 3799 respondit:
1192 3714 1361 3781 Obliuiani
1380 3735 1445 3778 non

337 3819 487 3883 tradetur
515 3818 602 3882 iuter
629 3839 687 3882 aas
716 3819 944 3902 inperpetuum,
968 3821 1122 3902 quoniam
1151 3819 1265 3884 cotidie
1290 3819 1376 3884 sedet
1400 3817 1450 3882 ad

337 3945 481 3989 mensam
495 3925 586 3988 iuxta
602 3923 753 3988 Priorem
767 3934 800 3988 et
811 3923 905 3990 habet
911 3926 1095 4008 para'onem
1109 3946 1204 3989 suam
1219 3925 1258 3988 de
1271 3924 1402 3988 cellaria
1416 3935 1449 3988 et

337 4029 376 4093 de
389 4027 531 4110 coquina.
580 4027 657 4092 Hoc
672 4038 784 4092 autem
801 4027 890 4092 dixit
905 4029 1073 4106 veraciter,
1090 4030 1167 4112 quia
1184 4029 1297 4111 porcio
1319 4028 1445 4111 Pagani

340 4131 474 4197 Peuerel
494 4131 617 4196 cotidie
635 4133 814 4215 apponitur
829 4152 941 4195 coram
959 4133 1147 4215 presidente
1164 4134 1197 4194 in
1214 4129 1396 4208 refectorio,
1412 4141 1447 4196 et

338 4248 526 4322 apponetur
540 4239 782 4320 inperpetuum.

675 4451 683 4483 ¹
703 4453 751 4504 See
761 4453 850 4514 above,
864 4454 936 4504 Book
949 4456 971 4512 1,
984 4455 1065 4520 Chap.
1079 4467 1110 4504 11.
