3192 5102
364 365 435 453 256
639 363 837 438 Hundrcd
857 365 905 462 os
933 363 1198 464 Whittlessord
1351 363 1469 464 [Booti

360 547 395 610 in
410 549 529 630 capite,
543 559 577 614 et
599 549 724 614 debent
740 550 784 614 de
803 549 931 614 auxilio
950 549 1156 615 vicecomitis
1172 547 1237 632 ijs.
1255 569 1314 633 per
1333 569 1470 624 annum,

360 661 395 716 et
411 673 476 717 non
492 654 618 718 debent
638 664 772 720 sectam.
818 654 904 718 ctat.
952 653 1082 718 ibidem
1104 663 1181 718 sunt
1201 675 1272 719 arx.
1287 653 1367 716 bide
1382 663 1471 718 terre

362 777 428 821 non
464 758 654 841 geldabiles.
716 758 846 825 Ibidem
878 757 1068 823 WiIlelmus
1103 758 1274 822 Barbedor
1307 758 1412 822 debet
1441 758 1470 822 ‚i
1571 813 1573 830 ,

360 871 485 926 sectam
516 875 550 928 et
580 864 622 929 de
653 863 781 928 auxilio
815 862 1019 928 vicecomitis
1049 862 1114 944 ijs.
1145 871 1179 927 et
1208 872 1259 926 est
1294 861 1337 926 de
1367 862 1468 926 feodo

361 966 512 1032 LincoIn.
557 968 644 1034 Clai.
691 967 821 1032 Ibidem
853 968 1014 1032 Tristram
1045 968 1090 1032 de
1116 967 1265 1032 Fraxino
1290 967 1394 1032 debet
1424 967 1467 1030 ad

360 1073 505 1136 wardam
523 1072 631 1137 Castri
648 1071 821 1136 dimidiam
836 1091 981 1136 marcam
998 1070 1083 1135 inira
1095 1091 1220 1136 annum
1236 1082 1270 1135 et
1279 1070 1467 1136 dImidium

425 1174 570 1241 Iklr'nton
607 1175 790 1261 [Ickleton]
822 1186 873 1241 est
907 1179 951 1241 de
981 1177 1107 1241 honore
1137 1176 1297 1253 Bononio,
1327 1186 1362 1240 et
1399 1195 1466 1240 non

359 1281 460 1346 debet
486 1293 610 1346 sectam
639 1303 748 1366 neque
770 1282 932 1347 auxilium
956 1282 1169 1358 vicecomitis,
1195 1281 1254 1346 sed
1278 1281 1381 1346 debet
1408 1303 1469 1365 per

360 1407 484 1451 annum
506 1388 572 1471 ijs.
593 1390 636 1454 de
656 1389 857 1472 wardipeny‚
881 1396 914 1452 et
937 1399 1016 1452 sunt
1038 1370 1162 1452 ibidem
1185 1409 1255 1452 .xx.
1278 1387 1357 1451 hide
1379 1397 1467 1450 terre

360 1510 426 1554 non
442 1491 625 1573 geldabiles
641 1503 674 1558 et
690 1503 741 1556 est
756 1493 880 1556 ibidem
896 1492 925 1574 .j.
941 1492 1021 1556 hida
1035 1492 1211 1576 geldabilis
1226 1511 1326 1575 quem
1345 1491 1465 1556 Abbas

358 1592 401 1656 de
417 1593 564 1658 Derham
581 1606 674 1660 tenet
690 1604 723 1660 et
739 1597 894 1678 priorissa
909 1595 952 1659 de
968 1595 1094 1660 eadem.

423 1697 623 1763 Dukeswrtn
637 1698 833 1783 [Duxiord].
880 1700 1033 1766 Heredes
1048 1699 1182 1766 Gaudiri
1194 1708 1310 1764 tenent
1326 1701 1463 1764 feodum

357 1801 486 1865 dimidii
523 1801 637 1866 militis
666 1803 709 1867 de
739 1804 864 1868 bonore
896 1804 1128 1880 Richmondie,
1158 1815 1192 1867 et
1223 1802 1390 1868 Radulsus
1420 1805 1464 1867 de

360 1905 485 1971 Sabam
513 1917 604 1971 tenet
628 1907 718 1972 aliud
745 1907 921 1972 dimidium
952 1908 1088 1972 feodum
1120 1908 1234 1972 militis
1264 1908 1307 1972 de
1336 1908 1465 1972 bonore

360 2011 583 2076 Richmondie
604 2022 637 2077 et
660 2013 762 2076 debet
783 2013 809 2077 .i.
834 2023 970 2088 sectam,
989 2023 1023 2077 et
1044 2013 1087 2076 de
1107 2013 1235 2076 auxilio
1258 2014 1464 2076 vicecomitis

357 2114 422 2197 .ij.s.
470 2116 599 2180 Ibidem
616 2115 783 2198 Jordanus
797 2116 841 2179 de
861 2114 1048 2180 Aubemun
1071 2125 1164 2180 tenet
1178 2115 1356 2181 dimidium
1374 2117 1462 2181 feodi

357 2219 385 2301 .j.
403 2220 516 2284 militis
531 2221 573 2284 de
590 2220 722 2285 Comite
738 2218 936 2283 Marescallo
951 2229 985 2283 et
1001 2239 1068 2284 non
1088 2221 1190 2284 debet
1210 2231 1336 2285 sectam
1353 2243 1463 2305 neque

357 2324 530 2390 auxilium.
576 2326 706 2389 Ibidem
723 2325 878 2389 Andreas
895 2325 924 2389 le
942 2325 1036 2408 Goys
1051 2334 1143 2390 tenet
1159 2325 1293 2390 feodum
1305 2329 1333 2391 .i.
1346 2327 1461 2392 militis

356 2431 398 2494 de
420 2430 519 2496 feodo
540 2430 734 2512 Hardewyn
755 2430 799 2494 de
823 2430 987 2508 Scalariis,
1002 2441 1036 2494 et
1058 2431 1159 2494 debet
1178 2432 1205 2496 .i.
1221 2442 1347 2496 sectam
1370 2432 1461 2497 etde

357 2639 490 2704 Radulfi
507 2641 551 2704 de
566 2640 690 2706 Saham
706 2651 741 2704 et
753 2639 862 2703 Alicie
877 2639 920 2702 de
937 2640 965 2702 F
966 2639 1128 2703 umeuiila
1144 2649 1177 2704 et
1193 2638 1317 2704 debent
1333 2651 1458 2705 sectam

354 2755 388 2810 et
405 2746 610 2829 pontagium.
655 2745 701 2808 Et
717 2754 794 2809 sunt
810 2744 933 2808 ibidem
953 2765 1012 2827 per
1032 2753 1139 2810 totum
1157 2766 1225 2809 .xx.
1241 2745 1327 2809 hide.
1373 2745 1460 2811 Clai.

356 2851 448 2915 Prior
477 2851 520 2915 de
550 2850 744 2915 Witlessord
781 2859 874 2914 tenet
910 2851 937 2912 .i.
969 2850 1133 2931 virgatam
1170 2859 1255 2913 terre
1285 2851 1328 2913 de
1359 2851 1460 2915 feodo

355 2956 514 3020 Willelmi
537 2955 580 3019 de
603 2955 766 3020 Coieuilla
788 2966 822 3018 et
845 2955 946 3020 debet
969 2963 1094 3018 sectam
1119 2963 1152 3018 et
1175 2956 1382 3038 pontagium.

428 3061 622 3144 Witlessord
654 3059 925 3145 [Wbittlessord].
975 3058 1089 3142 Rogcr
1124 3059 1167 3123 de
1204 3059 1329 3140 Akeny
1367 3070 1459 3124 terret

354 3168 537 3230 manerium
548 3167 590 3229 de
601 3166 643 3230 W
647 3165 794 3230 itlessord
807 3166 850 3229 de
863 3164 1010 3230 Radulso
1019 3166 1062 3228 de
1077 3164 1200 3246 Thony
1210 3185 1269 3248 per
1278 3165 1459 3248 socagium,

354 3273 399 3336 ita
430 3274 520 3355 quod
547 3272 648 3336 debet
673 3270 761 3356 [ire]¹
788 3291 864 3334 cum
892 3271 1042 3355 predicto
1070 3269 1217 3335 Radulio
1244 3271 1277 3334 in
1306 3271 1457 3336 exercitu

352 3377 489 3461 quando
512 3378 599 3442 idem
623 3376 786 3441 Radulsus
808 3377 868 3440 ibit
888 3396 965 3439 cum
984 3375 1122 3439 domino
1140 3375 1234 3458 Rege
1249 3375 1281 3440 in
1298 3377 1459 3442 exercitu.

354 3482 399 3546 Et
426 3483 549 3549 ibidem
571 3493 648 3548 sunt
671 3481 738 3565 ,xij.
758 3481 837 3545 hide
854 3491 941 3545 terre
964 3501 1031 3544 non
1057 3481 1249 3565 geldabiies.
1294 3481 1407 3546 Debet
1429 3481 1459 3564 .j.

352 3597 486 3652 sectam.

418 3690 560 3756 Sauston
597 3687 789 3775 [Sawston].
836 3686 1000 3752 Ricardus
1037 3687 1081 3751 de
1117 3687 1323 3752 Attaueston
1365 3696 1458 3753 tenet

351 3797 449 3862 seoda
471 3796 512 3879 ij.
536 3795 678 3860 militum
701 3795 745 3858 de
768 3793 905 3857 domino
930 3791 1024 3874 Rege
1047 3792 1079 3855 in
1104 3795 1223 3877 capite,
1245 3802 1279 3857 et
1303 3792 1406 3858 debet
1428 3793 1458 3876 .j.

351 3910 486 3978 sectam,
501 3911 534 3964 et
550 3900 593 3964 de
607 3899 736 3964 auxilio
754 3897 960 3963 vicecomitis
981 3897 1047 3980 ijs.
1064 3915 1122 3980 per
1138 3917 1272 3962 annum.
1318 3898 1364 3964 Et
1379 3908 1459 3964 sunt

351 4007 396 4072 ibi
412 4003 475 4088 iiij.
492 4005 581 4088 hyde
597 4002 789 4087 geidabiles.
829 4001 960 4066 Ibidem
978 4001 1145 4066 Robertus
1157 4001 1200 4066 de
1217 4001 1347 4067 Somcri
1363 4013 1458 4068 tenet

350 4111 390 4194 ij.
407 4121 518 4194 partes
533 4109 573 4190 .ij.
591 4109 732 4171 miiitum
750 4107 792 4170 de
809 4104 907 4169 feodo
928 4105 1069 4170 Comitis
1086 4104 1202 4182 Essei‚
1222 4114 1256 4171 et
1272 4126 1338 4169 non
1354 4106 1457 4172 debet

350 4227 474 4279 sectam
506 4232 614 4297 neque
651 4211 823 4275 auxilium.
869 4208 987 4274 Abbas
1017 4208 1060 4272 de
1098 4207 1262 4293 Gresteyn
1293 4218 1386 4274 tenet
1418 4213 1457 4276 .ii.

349 4319 457 4404 hydas
472 4329 559 4383 terre
574 4319 606 4381 in
629 4315 856 4389 elemosinam,
877 4323 911 4377 et
931 4322 1009 4376 sunt
1032 4312 1157 4377 ibidem
1180 4334 1238 4398 per
1254 4323 1363 4378 totum
1380 4316 1457 4398 .viij.

348 4424 427 4488 hide
441 4432 535 4488 terre.

625 4523 635 4558 ¹
651 4525 752 4584 hebere,
764 4523 823 4576 ΜΒ.
857 4523 905 4578 See
918 4523 977 4576 Rot.
991 4521 1080 4574 uuna.
1092 4523 1119 4573 ii.
1131 4535 1187 4588 571.
