3222 5086
346 363 411 434 182
482 361 585 436 How
610 359 671 435 tte
698 357 853 460 Shenff
869 361 1022 458 escaped
1033 360 1277 458 punishment
1325 360 1444 460 [noox

338 547 447 618 absque
459 546 596 602 mandato
607 555 706 603 nostm
718 547 762 602 vel
774 547 832 602 alia
843 563 929 605 causa
942 547 1107 604 racionabili
1119 548 1147 602 vi
1159 557 1187 602 et
1204 545 1290 602 armis
1306 545 1446 600 accedens

339 635 376 689 ad
389 633 529 705 prefatum
541 635 699 692 manerium
708 645 805 707 portas
815 637 932 707 predicti
945 636 1049 691 Prioris
1058 635 1163 690 ibidem
1172 635 1263 705 fregit,
1271 644 1299 690 et
1307 633 1445 705 quosdam

340 723 470 779 homines
485 741 536 795 per
553 724 674 781 ballivos
691 725 810 796 predicti
829 725 932 780 Prioris
949 725 986 779 de
1001 725 1103 780 eodem
1120 724 1247 780 manerio
1259 739 1310 794 pro
1322 721 1446 793 quadarn

340 813 565 883 transgressione
592 813 662 884 ipsis
689 813 813 885 inposita
837 824 936 885 captos
960 811 1014 884 [et]
1038 812 1227 883 inprisonatus
1252 820 1335 881 prout
1359 809 1446 864 moris

340 911 384 958 est
401 903 507 958 ibidem
522 919 541 956 a
557 901 672 972 prisona
688 904 737 958 illa
750 903 869 959 extraxit
884 913 914 958 et
929 913 988 958 tam
1007 903 1085 974 ipsos
1101 902 1230 973 prisones
1242 918 1329 973 quam
1340 899 1446 955 Willel·

340 1005 419 1044 mum
431 991 524 1059 Wlwy
536 1000 564 1045 et
576 990 769 1045 Alexandrum
781 990 817 1046 de
830 990 942 1044 Cumba
954 989 1074 1044 bedinus
1087 987 1208 1058 predicti
1223 985 1326 1042 Prioris
1342 986 1448 1041 ibidem

340 1078 415 1148 cepit
428 1085 457 1131 et
468 1093 518 1132 eos
531 1078 607 1148 apud
620 1076 833 1148 Cantebrigiam
845 1076 1032 1149 inprisonauit
1045 1087 1073 1131 et
1085 1093 1135 1131 eos
1149 1077 1178 1130 in
1195 1075 1310 1146 prisona
1327 1071 1448 1128 detinuit

341 1181 488 1236 quousque
506 1165 653 1234 sexaginta
671 1165 777 1221 solidos
795 1183 813 1219 a
831 1165 946 1236 prefatis
965 1163 1147 1237 inprisonatis
1168 1181 1220 1234 pro
1240 1163 1449 1219 deliberacione

342 1269 395 1308 sua
415 1252 539 1321 extorsit,
564 1262 592 1307 et
613 1253 671 1307 alia
692 1253 819 1308 enormia
840 1253 881 1308 eis
903 1253 996 1307 intulit
1018 1253 1056 1307 ad
1075 1268 1162 1322 graue
1182 1252 1338 1322 dampnum
1360 1249 1449 1321 ipsius

343 1338 447 1395 Prioris
469 1348 497 1394 et
520 1337 658 1393 libertatis
682 1355 732 1395 sue
756 1339 893 1394 lesionem
918 1339 1108 1408 manifestam,
1133 1349 1162 1394 et
1192 1350 1292 1394 contra
1321 1348 1448 1392 tenorem

342 1437 484 1482 canatum
502 1435 530 1480 et
547 1425 774 1481 confirmacionis
794 1437 889 1482 nostre
906 1427 1097 1498 predictarum
1116 1437 1144 1482 et
1162 1436 1260 1481 contra
1272 1441 1371 1496 pacem
1385 1442 1448 1480 nos·

342 1525 415 1570 marn
428 1525 458 1569 vt
471 1511 602 1585 dicit[ur].
641 1515 680 1569 Et
692 1514 822 1570 habeatis
835 1515 873 1571 ibi
886 1516 1004 1572 nomina
1015 1515 1170 1587 plegiorum
1183 1524 1212 1571 et
1224 1515 1278 1570 hoc
1291 1515 1384 1570 breue.

178 1615 241 1658 rai·
249 1615 306 1658 wrtt
396 1604 482 1660 Teste
496 1603 651 1658 Edmundo
664 1602 776 1658 Comite
789 1603 933 1658 Cornubie
945 1605 1155 1675 consanguineo
1165 1611 1262 1660 nostro
1270 1602 1348 1675 apud
1357 1602 1449 1656 West·

178 1667 329 1760 {afflig
343 1692 545 1749 monasterium
555 1711 594 1748 .x.
606 1693 653 1747 die
662 1692 836 1748 Nouembris
846 1709 922 1748 anno
931 1693 1011 1762 regni
1021 1693 1109 1748 nostri
1119 1691 1338 1763 quintodecimo.
1376 1688 1451 1758 Quia

178 1767 327 1860 3225&ss
343 1781 413 1835 alias
434 1781 601 1836 maridatum
622 1780 673 1835 suit
693 1778 802 1850 prefato
824 1780 983 1835 vicecomiti
1005 1780 1082 1849 quod
1099 1781 1204 1835 factum
1224 1795 1305 1834 suum
1324 1777 1354 1832 in
1371 1775 1450 1849 [bac]

178 1868 319 1962 ffleffi·
342 1879 422 1938 parte
440 1867 584 1938 corrigerit
603 1867 652 1938 qui
671 1866 759 1922 nichil
778 1866 845 1922 inde
865 1867 932 1923 iecit
951 1876 982 1921 ut
1002 1867 1111 1924 dicitur.

178 2011 272 2104 aqut!
409 1997 465 2064 Ad
482 1999 545 2063 hoc
561 1997 662 2063 breue
677 1998 769 2063 venit
783 1998 951 2082 predictus
968 1999 1117 2065 Thomas
1132 2000 1316 2064 vicecomes
1329 1998 1449 2064 Cante-

178 2069 327 2207 ffiff‘’
343 2104 448 2189 brigie
485 2124 597 2169 coram
633 2105 816 2186 justiciario
854 2106 981 2170 domini
1015 2106 1116 2190 Regis
1150 2105 1276 2170 scilicet
1313 2103 1450 2168 domino

179 2215 284 2318 mg}
344 2209 493 2275 Radulfo
522 2210 566 2274 de
590 2209 785 2292 Hengham¹
809 2221 842 2274 et
872 2221 949 2294 post
980 2211 1103 2274 multas
1129 2211 1377 2294 disputaciones
1402 2229 1449 2271 re-

178 2316 317 2419 322222}
343 2314 486 2397 quisitus
508 2313 570 2378 suit
593 2322 781 2377 attornatus
799 2313 919 2377 Prioris
938 2325 1050 2379 vtrum
1073 2315 1166 2378 Prior
1185 2313 1322 2378 haberet
1342 2314 1449 2377 visum

178 2417 306 2469 amnne
344 2417 559 2502 sranciplegij,
587 2417 829 2496 tumberellum,
853 2429 888 2484 et
915 2419 1030 2484 furcas.
1078 2420 1266 2503 Respondit
1289 2421 1379 2501 quod
1405 2419 1450 2481 sic

344 2533 405 2588 etc.
444 2545 503 2606 per
539 2531 667 2586 cartam
699 2523 811 2606 Regis,
841 2535 875 2587 et
910 2526 1000 2608 quod
1033 2522 1197 2588 Alianora
1228 2524 1359 2607 Regina
1389 2522 1451 2587 suit

344 2629 510 2694 aduocata
530 2627 668 2692 ecclesie
689 2628 731 2691 de
753 2628 956 2693 Bernewelle
979 2649 1044 2713 que
1064 2639 1145 2693 tunc
1165 2640 1237 2694 erat
1259 2650 1335 2692 cum
1358 2628 1451 2712 Rege

345 2731 535 2796 Eadwardo
551 2733 583 2794 in
601 2730 750 2813 partibus
766 2733 995 2796 transmarinis
1010 2742 1071 2796 etc
1118 2731 1163 2796 Et
1178 2733 1226 2797 sic
1241 2732 1286 2796 ob
1302 2732 1450 2796 fauorem

343 2836 547 2900 vicecomitis
569 2845 688 2918 captus
708 2846 759 2900 cst
775 2837 846 2900 dies
861 2839 993 2914 amoris,
1008 2838 1064 2901 vbi
1081 2839 1237 2902 dominus
1252 2835 1451 2920 Hohannes]

343 2943 386 3004 de
408 2942 571 3006 Louetot¹
591 2961 627 3003 se
648 2941 828 3005 intromisit
850 2943 892 3005 de
908 2962 1000 3025 pace,
1016 2952 1049 3006 et
1065 2943 1258 3006 concordati
1274 2951 1370 3020 sunt;
1392 2943 1449 3006 sed

262 3075 274 3104 ι
344 3046 453 3110 dictus
476 3046 660 3110 vicecomes
682 3046 783 3109 nichil
806 3047 899 3111 dedit
920 3069 981 3131 pro
997 3048 1137 3126 iniuria3
1159 3048 1218 3112 sed
1235 3056 1311 3131 post
1326 3067 1451 3130 paucos

278 3141 285 3154 '
344 3169 451 3212 annos
475 3159 625 3213 mortuus
648 3159 708 3225 est,
732 3159 766 3213 et
789 3170 906 3214 omnes
929 3161 1014 3214 terre
1036 3151 1107 3213 eius
1130 3159 1165 3214 et
1195 3149 1284 3214 bona
1306 3159 1385 3213 sunt
1407 3149 1450 3214 ad

345 3273 464 3318 manus
481 3253 584 3335 Regis
604 3251 794 3329 confiscata,
813 3274 986 3337 quousque
1002 3275 1087 3317 vxor
1103 3257 1174 3318 eius
1190 3255 1316 3318 secerit⁸
1330 3256 1451 3319 securi·

344 3371 449 3424 tatem
468 3358 552 3441 Regi
569 3359 611 3421 de
623 3408 630 3422 .
642 3379 699 3421 ccc
712 3409 719 3422 .
732 3357 831 3422 libris.

349 3620 416 3683 116.
461 3617 627 3682 Placitum
650 3616 757 3682 breuis
779 3637 858 3681 noue
879 3617 1049 3682 dissemina
1073 3629 1184 3683 contra
1216 3617 1452 3684 Camellarium

435 3723 663 3790 uniuersitatis
691 3722 903 3806 cantalupo,
925 3735 956 3787 et
982 3724 1178 3808 magistrum
1204 3723 1392 3805 Radulfum
1414 3725 1454 3790 de

792 3829 963 3911 Leycestre.

183 3987 275 4081 3335·
411 3985 591 4051 Sciendum
608 3987 698 4068 quod
717 3987 874 4070 magister
897 3986 1063 4050 Radulfus
1083 3987 1125 4050 de
1147 3987 1328 4068 Leycestre
1346 3985 1453 4050 uoluit

181 4095 295 4182 mein
345 4089 531 4154 inhabitare
560 4090 699 4153 domum
733 4088 901 4173 lapideam
941 4089 1062 4154 Prioris
1098 4089 1140 4154 de
1179 4089 1381 4154 Bernewelle
1418 4091 1453 4154 in

491 4251 500 4282 ¹
518 4251 602 4317 Ralph
614 4251 646 4301 de
659 4251 803 4315 Hengharn,
816 4251 885 4303 chief
889 4252 979 4316 justice
990 4252 1019 4302 ol
1027 4253 1071 4302 the
1082 4252 1172 4318 King's
1184 4253 1276 4303 Bench.

490 4333 501 4365 ²
515 4335 584 4401 John
595 4336 627 4385 de
640 4335 756 4395 lovetot,
770 4334 884 4398 ajustice
895 4335 925 4384 oi
933 4335 976 4386 the
987 4336 1113 4386 Common
1126 4335 1205 4386 Pleas.

490 4424 501 4458 ⁸
517 4425 586 4482 fecit.
598 4425 656 4475 MS.
