3188 5078
343 353 413 424 302
702 333 865 408 Tonants
891 335 932 407 in
958 333 1106 407 Barton
1333 333 1451 433 [soor

341 539 546 602 perannum
570 521 622 604 iij.
646 521 772 586 solidos
802 533 835 588 et
858 543 920 587 sex
943 522 1097 587 denarios
1122 521 1165 586 ad
1190 521 1315 586 festum
1347 521 1453 586 sancti

343 623 525 701 Michaelis,
541 633 575 690 et
595 625 638 690 ad
661 627 789 691 Pascha
804 627 847 691 ad
864 627 1050 711 predictam
1066 625 1213 690 wardam
1230 625 1260 709 .j.
1276 626 1453 690 denarium

340 736 375 791 et
396 726 627 810 quadrantem,
650 739 683 794 et
706 732 893 814 scutagium
915 731 1052 815 quando
1081 740 1199 809 curret,
1221 741 1256 796 et
1287 731 1452 796 auxilium

340 833 551 898 vicecomitis.

407 936 575 1003 Walterus
588 937 796 1003 Carectarius
812 939 855 1002 de
867 938 1065 1022 Wytewelle
1080 948 1174 1004 tenet
1189 938 1240 1022 .vj.
1256 960 1354 1003 acras
1369 949 1455 1003 terre

341 1051 376 1107 et
399 1044 508 1107 reddit
529 1043 608 1108 inde
631 1064 690 1126 per
712 1065 838 1109 annum
861 1046 904 1109 ad
930 1045 1059 1108 Pascha
1080 1043 1149 1127 .xij.
1171 1043 1338 1120 denarios,
1354 1053 1390 1107 et
1412 1045 1455 1106 ad

342 1145 463 1210 testum
481 1145 597 1212 Sancti
614 1146 789 1212 Michaelis
804 1146 872 1230 ,xii
888 1147 1051 1223 denarios,
1061 1157 1097 1211 et
1112 1144 1155 1210 ad
1172 1146 1298 1211 Natale
1314 1146 1455 1210 Domini

342 1272 378 1315 .v.
395 1250 558 1327 denarios,
574 1260 608 1316 et
627 1253 814 1334 scutagium
836 1250 974 1334 quando
994 1261 1103 1315 curret
1117 1248 1167 1335 [et
1188 1248 1232 1314 ad
1248 1250 1399 1314 wardam
1416 1249 1455 1331 ij.

342 1354 518 1439 denarios}

409 1459 517 1523 Elena
540 1456 743 1544 Scetewynd
769 1469 862 1525 tenet
884 1479 1007 1524 nouem
1030 1478 1125 1522 acras
1155 1468 1250 1534 terre,
1279 1467 1315 1522 et
1345 1458 1456 1522 reddit

343 1564 421 1628 inde
444 1583 503 1646 per
525 1583 648 1626 annum
673 1564 714 1628 ad
741 1563 869 1627 Pascha
888 1562 939 1646 .vj.
959 1563 1121 1640 denarios,
1144 1572 1179 1627 et
1201 1561 1245 1626 ad
1267 1563 1454 1644 predictam

343 1667 488 1732 wardam
504 1667 558 1749 iij.
579 1668 733 1732 denarios
755 1677 789 1732 et
809 1668 1031 1751 quadrantem
1053 1677 1088 1734 et
1107 1667 1296 1751 scutagium
1318 1669 1458 1751 quando

343 1781 460 1836 curret.

409 1875 577 1940 Walterus
589 1875 714 1940 Warde
726 1885 818 1940 tenet
829 1885 896 1941 tres
911 1896 1006 1940 acras
1016 1885 1103 1940 terre
1118 1876 1150 1940 in
1171 1875 1407 1959 Haselingt'eld
1422 1877 1456 1939 in

343 1981 491 2065 quodam
512 1979 587 2044 loco
606 1980 663 2064 qui
685 1990 822 2045 vocatur
844 1979 1039 2065 Longedole
1059 1991 1094 2046 et
1114 1981 1224 2046 reddit
1244 2001 1304 2064 per
1326 2000 1455 2045 annum

344 2085 394 2168 .vj.
417 2084 581 2150 denarios.
675 2163 679 2170 Ι

408 2190 579 2273 Johannes
618 2189 791 2254 Hodieme
823 2199 917 2256 tenet
946 2200 1013 2255 tres
1043 2211 1137 2255 acras
1167 2199 1253 2254 terre
1282 2189 1327 2252 de
1356 2187 1456 2253 feodo

347 2293 480 2359 Radulfi
495 2293 528 2358 le
549 2294 649 2371 Lord‚
663 2303 698 2358 et
714 2293 822 2359 reddit
838 2295 916 2360 inde
932 2315 1132 2378 perannum
1148 2293 1192 2358 ad
1208 2293 1331 2357 festum
1349 2294 1455 2357 sancti

348 2399 521 2466 Michaelis
541 2399 616 2484 .viij.
636 2398 800 2478 denarios,
821 2400 913 2465 etad
930 2402 1052 2466 festum
1070 2401 1177 2466 sancti
1194 2399 1367 2466 Edmundi
1382 2400 1457 2481 .viij.

346 2504 510 2581 denarios,
525 2513 559 2568 et
574 2502 618 2568 ad
635 2504 763 2569 Pascha
779 2503 853 2587 .viij.
870 2505 1033 2570 denarios

413 2609 580 2692 Margeria
600 2629 686 2672 vxor
706 2609 865 2673 Willelmi
888 2610 963 2675 Koc
983 2619 1077 2675 tenet
1095 2610 1269 2675 dimidiam
1290 2609 1455 2692 virgatam

347 2725 432 2780 terre
454 2713 498 2778 de
520 2713 619 2778 ieodo
640 2714 738 2792 Diue,
753 2723 787 2780 et
809 2715 919 2781 reddit
940 2716 1018 2782 inde
1039 2737 1098 2801 per
1117 2734 1241 2780 annum
1258 2735 1296 2779 .v.
1312 2713 1456 2777 solidos:

348 2818 473 2884 scilicet
487 2818 531 2883 ad
547 2817 668 2884 festum
683 2819 799 2886 Sancti
813 2821 987 2886 Michaelis
1000 2843 1007 2899 ;
1023 2831 1057 2886 et
1069 2822 1112 2885 ad
1129 2818 1312 2904 precariam
1328 2817 1456 2882 domini
1558 2887 1559 2896 ἒ

349 2922 469 2986 Prioris
485 2923 518 2985 in
535 2931 722 3006 autumpno
737 2923 838 2988 debet
854 2923 1002 2987 inuenire
1017 2923 1102 2987 duos
1117 2922 1270 2987 homines
1284 2920 1328 2986 ad
1344 2920 1456 2985 cibum
1558 2969 1559 2998 3

349 3027 478 3092 Prioris.
524 3027 570 3092 Et
582 3028 731 3110 predicta
743 3027 910 3110 Margeria
922 3027 1023 3092 debet
1035 3027 1081 3090 ire
1096 3027 1181 3090 ultra
1197 3027 1366 3112 operarios
1381 3045 1455 3090 cum

348 3133 441 3215 virga
457 3151 525 3198 sua

416 3237 521 3321 Hugo
543 3235 699 3320 Fleming
721 3237 830 3303 reddit
852 3238 894 3302 ad
919 3236 1040 3301 festum
1069 3236 1184 3303 Sancti
1209 3235 1384 3300 Michaelis
1409 3234 1457 3318 .vj.
1558 3307 1559 3312 ἵ

350 3341 514 3416 denarios,
534 3351 568 3406 et
589 3342 632 3406 ad
655 3341 783 3405 Pascha
804 3341 867 3424 .vij.
888 3341 1043 3406 denarios
1058 3362 1119 3424 pro
1135 3340 1234 3406 feodo
1249 3340 1414 3424 Johannis
1429 3339 1458 3402 le
1558 3349 1560 3398 l

352 3445 460 3511 Child.

415 3551 586 3633 Johannes
611 3549 776 3614 aurifaber
797 3558 890 3614 tenet
920 3548 1094 3614 dimidiam
1117 3549 1280 3634 virgatam
1303 3557 1400 3627 terre,
1426 3559 1458 3613 et
1558 3569 1560 3608 ÷

351 3655 462 3720 reddit
484 3655 561 3719 inde
584 3673 642 3737 per
671 3673 796 3718 annum
820 3655 969 3736 quinque
998 3653 1124 3718 solidos
1146 3654 1190 3718 ad
1215 3661 1359 3736 quatuor
1380 3653 1458 3717 anni
1559 3701 1560 3704 ,

352 3760 532 3824 terminos:
554 3758 680 3822 scilicet
695 3759 738 3823 ad
755 3753 876 3822 festum
894 3757 1009 3822 Sancti
1026 3756 1201 3822 Michaelis
1217 3779 1280 3822 ‚xv
1297 3756 1459 3835 denarios,
1558 3793 1559 3796 =

261 3873 278 3922 s.
294 3886 340 3936 170
352 3866 395 3930 ad
413 3863 536 3930 Natale
553 3863 690 3928 Domini
707 3885 771 3929 arv.
786 3863 949 3939 denarios,
964 3864 1007 3927 ad
1025 3861 1154 3928 Pascha
1169 3883 1234 3930 .xv.
1249 3861 1412 3940 denarios,
1426 3872 1459 3927 et

352 3973 396 4037 ad
427 3969 548 4035 festum
587 3968 702 4034 Sancti
737 3969 900 4051 Johannis
932 3968 1083 4052 Baptiste
1112 3990 1177 4034 .xv.
1207 3967 1369 4032 denarios
1415 3966 1459 4032 Et

353 4075 452 4141 faciet
467 4074 650 4158 precariam
662 4074 696 4137 in
709 4083 896 4156 autumpno
910 4071 1066 4136 omnibus
1083 4073 1200 4150 modis,
1215 4070 1300 4136 sicut
1312 4071 1459 4156 predicta

355 4180 529 4262 Margeria.

420 4282 608 4348 Willelmus
645 4281 676 4346 le
707 4280 885 4344 Marchant
921 4288 1014 4344 tenet
1045 4299 1148 4344 vnum
1180 4279 1388 4363 mesuagium
1419 4283 1458 4345 ad
