3188 5078
167 394 238 494 vu]
473 397 512 470 T
505 405 633 472 manis
662 397 702 470 in
728 397 952 496 Madingley
1199 419 1271 488 309

164 590 251 646 terre
265 583 309 647 de
323 583 442 647 eodem
460 581 566 660 feodo,
576 593 610 646 et
628 582 737 647 reddit
755 582 832 648 inde
848 602 908 665 per
922 601 1048 645 annum
1064 581 1105 663 .ij.
1117 581 1272 645 denarios

164 686 310 751 obolum.
1198 695 1199 698 ’

230 794 400 876 Johannes
413 793 499 858 filius
512 793 639 858 Albrici
652 803 743 858 tenet
755 815 797 858 .x.
809 813 902 856 acras
917 803 1011 870 terre,
1021 804 1054 858 et
1070 791 1179 859 reddit
1194 793 1272 857 inde

165 917 224 981 per
240 918 364 962 annum
381 919 419 964 .v.
435 898 560 962 solidos
575 909 610 962 et
625 898 710 963 duos
726 918 871 982 capones
887 898 930 961 ad
948 897 1078 962 Natale

233 1003 400 1067 Henricus
431 1001 516 1066 tilius
544 1002 675 1066 Thome
702 1003 889 1085 Attegrene
915 1012 1007 1067 tenet
1033 1023 1133 1067 vnam
1159 1023 1271 1067 acram

165 1117 250 1170 terre
265 1117 299 1171 et
315 1126 416 1171 vnum
433 1107 592 1183 clausurn,
604 1116 637 1170 et
654 1107 763 1172 reddit
778 1107 857 1171 inde
872 1127 931 1190 per
948 1127 1074 1171 annum
1087 1129 1125 1171 .v.
1137 1108 1271 1172 solidos.

232 1205 398 1270 Robertus
416 1205 538 1270 Heued
560 1215 652 1271 tenet
667 1227 709 1270 .x.
725 1226 819 1269 acras
834 1217 929 1282 terre,
944 1215 978 1270 et
993 1206 1103 1272 reddit
1118 1208 1196 1273 inde
1212 1228 1271 1292 per

163 1330 288 1376 annum
305 1332 342 1375 .v.
358 1310 483 1374 solidos
499 1319 533 1374 et
548 1309 588 1392 .ij.
603 1329 749 1392 capones
764 1311 806 1375 ad
824 1311 955 1375 Natale.

230 1415 375 1498 Jacobus
410 1414 497 1478 filius
528 1413 669 1481 Galsridi
701 1415 817 1478 Priour
851 1424 944 1480 tenet
973 1436 1075 1481 vnum
1111 1416 1269 1494 clausum,

163 1529 197 1584 et
224 1519 333 1586 reddit
359 1519 438 1584 inde
463 1540 522 1603 per
548 1539 673 1583 annum
700 1517 751 1600 .vj.
778 1519 903 1584 solidos
928 1529 962 1585 et
988 1520 1029 1604 .ij.
1053 1541 1199 1605 capones
1225 1522 1268 1588 ad

165 1623 295 1690 Natale

230 1729 382 1814 Rogerus
403 1730 509 1812 Terry
525 1738 617 1795 tenet
633 1749 734 1793 vnum
757 1728 917 1806 clausum,
932 1739 966 1793 et
987 1729 1097 1795 reddit
1113 1729 1191 1796 inde
1211 1751 1270 1814 per

163 1855 288 1899 annum
305 1836 359 1899 .xi.
375 1835 529 1899 denarios
544 1846 578 1900 et
593 1833 634 1918 .ij.
650 1854 794 1918 capones
810 1835 853 1900 ad
870 1835 903 1898 N
905 1835 1000 1899 atale

230 1941 396 2006 Henricus
415 1939 617 2022 Capelianus
640 1947 732 2004 tenet
752 1961 794 2004 .x.
815 1959 908 2004 acras
926 1948 1021 2016 terre,
1041 1947 1075 2004 et
1096 1938 1205 2005 reddit
1225 1940 1268 2005 ad

163 2045 350 2127 scutagium
366 2043 445 2108 .xiii.
460 2044 615 2109 denarios
630 2043 693 2127 [et]
709 2045 939 2126 quadrantem.
1278 2045 1359 2113 ‘¹¹⁷3

229 2148 372 2213 Matilda
388 2147 588 2213 Brendhand
605 2157 697 2212 tenet
712 2147 883 2230 quoddam
905 2147 1054 2212 clausum
1070 2167 1147 2212 eum
1163 2147 1268 2213 crosta

162 2253 345 2332 adiacente,
358 2263 393 2318 et
408 2252 518 2318 reddit
532 2252 611 2318 inde
626 2273 684 2336 per
699 2252 887 2336 annuntiij.
899 2252 1025 2317 solidos
1036 2252 1089 2336 .iij.
1105 2252 1267 2332 denarios,

162 2367 195 2421 et
211 2357 240 2440 .j.
256 2378 428 2441 caponem.

228 2461 394 2526 Walterus
417 2461 449 2525 le
472 2460 589 2525 Bonde
611 2470 703 2525 tenet
725 2479 825 2524 vnam
849 2459 1022 2525 dimidiam
1046 2480 1157 2525 acram
1182 2472 1269 2526 terre

162 2565 205 2630 de
232 2564 330 2630 feodo
356 2565 400 2630 de
422 2564 634 2642 Brendhand‚
656 2574 691 2629 et
717 2565 826 2628 reddit
854 2565 932 2629 inde
962 2585 1021 2648 per
1049 2586 1174 2631 annum
1200 2566 1268 2651 .iiij.

162 2669 323 2734 denarios.

229 2773 396 2838 Walterus
409 2773 609 2858 Capelianus
622 2781 715 2837 tenet
725 2772 897 2855 quoddam
911 2773 1061 2837 clausum
1074 2795 1149 2838 curn
1163 2773 1268 2838 crosta

162 2879 344 2955 adiacente,
366 2887 401 2943 et
427 2879 537 2943 reddit
560 2878 639 2942 inde
665 2898 725 2960 per
750 2897 876 2941 annum
899 2877 966 2959 .xij.
990 2876 1144 2943 denarios
1167 2889 1202 2944 et
1226 2880 1267 2962 .ij.

161 3003 307 3067 capones
322 2981 364 3045 ad
383 2983 513 3047 Natale.

229 3085 416 3150 Wiilelmus
450 3085 652 3150 Alisaundre
686 3095 779 3150 tenet
808 3107 911 3150 vnum
947 3088 1156 3171 mesuagium
1191 3110 1268 3155 cum

163 3191 267 3257 crosta
297 3201 332 3256 et
357 3191 410 3274 .iij.
436 3193 520 3255 acris
550 3201 644 3268 terre,
669 3200 703 3256 et
734 3190 842 3256 reddit
873 3190 952 3255 inde
977 3212 1187 3276 perannum
1213 3194 1267 3278 .iij.

161 3297 294 3362 solidos.

228 3400 380 3484 Rogerus
395 3398 580 3464 Vendhout
601 3408 693 3463 tenet
707 3399 770 3481 .vij.
785 3420 878 3464 acras
893 3408 979 3464 terre
994 3410 1028 3465 et
1043 3401 1218 3467 dimidiam
1234 3412 1268 3468 et

162 3526 263 3570 vnam
289 3506 416 3582 rodam,
441 3515 476 3568 et
503 3503 612 3569 reddit
639 3503 718 3568 inde
744 3525 804 3588 per
829 3524 955 3569 annum
979 3505 1081 3589 .xivij.
1105 3506 1268 3586 denarios,

162 3611 391 3694 quadrantem,
406 3618 440 3674 et
454 3609 496 3692 .ij.
511 3629 665 3692 capones.

230 3715 396 3780 Robertus
431 3713 559 3778 Alberd
595 3723 688 3778 tenet
721 3714 893 3797 quoddam
930 3716 1138 3799 mesuagium
1175 3717 1266 3802 quod

164 3820 327 3886 Ricardus
352 3819 447 3886 Scrik
473 3819 581 3883 tenuit
603 3827 637 3882 et
660 3817 690 3901 .j.
713 3839 825 3883 acram
850 3829 885 3884 et
910 3820 1085 3885 dimidiam
1110 3830 1144 3886 et
1165 3841 1266 3888 vnam

163 3925 278 3990 rodam
306 3933 400 4002 terre,
422 3933 458 3988 et
484 3924 593 3988 reddit
619 3924 699 3988 inde
724 3944 784 4007 per
808 3943 934 3988 annum
959 3922 1010 4006 .vj.
1032 3923 1158 3988 solidos
1181 3935 1215 3988 et
1237 3925 1267 4008 .j.

162 4050 333 4114 caponem.

227 4133 373 4216 Jacobus
389 4132 476 4197 iilius
490 4132 628 4197 Henrici
644 4139 737 4197 tenet
751 4131 923 4215 quoddam
939 4132 1099 4210 clausum,
1108 4142 1142 4198 et
1157 4133 1267 4198 reddit

163 4239 241 4303 inde
256 4259 315 4322 per
329 4257 454 4303 annum
470 4237 499 4320 .j.
516 4257 687 4321 caponem.

229 4344 380 4425 Rogerus
411 4341 496 4406 filius
527 4343 692 4408 Cristiane
721 4352 813 4407 tenet
839 4362 938 4406 vnam
966 4343 1082 4406 rodam
1113 4352 1206 4418 terre,
1232 4351 1266 4406 et

162 4445 272 4512 reddit
288 4446 365 4510 inde
380 4465 579 4531 perannum
594 4447 668 4530 ,viij.
685 4447 847 4512 denarioa
