3222 5086
355 419 424 490 140
460 397 609 472 Verdz'ct
634 399 681 496 os
699 409 804 474 court
829 411 869 474 al
895 397 1115 475 Babralzam
1141 401 1315 475 reversed
1335 397 1456 499 [BOOK

183 590 292 694 mutu
414 584 564 668 Contigit
591 607 670 668 ergo
697 586 788 670 quod
816 607 943 651 messor
970 588 1099 665 Prioris,
1122 590 1267 671 acceptis
1294 589 1455 652 extractis

182 698 318 794 333121252
348 691 437 754 curie
452 711 512 773 per
527 711 662 754 manum
680 692 794 755 balliui
810 691 891 756 dicti
908 689 1086 775 G[ilberti],
1100 693 1273 756 distrinxit
1285 693 1453 775 quendam

183 799 325 888 {⁰2¹3er
349 795 489 859 liberum
510 794 681 859 hominem
702 817 763 878 pro
784 797 1045 860 amerciamento
1060 798 1249 879 Johannem
1266 798 1308 861 de
1327 797 1455 861 Hulmo

182 905 307 988 „⁹22ng
349 900 493 963 nomine.
541 899 601 963 llle
627 910 739 964 autem
767 901 918 964 senciens
945 921 981 965 se
1007 902 1155 966 indebite
1182 903 1354 968 amerciari
1377 902 1455 967 fecit

349 1004 531 1087 replegiare
543 1007 655 1069 aueria
670 1027 730 1070 sua
746 1006 790 1070 ad
806 1007 931 1071 curiam
948 1007 1159 1092 Britann[ie]¹
1174 1009 1217 1072 de
1231 1008 1455 1084 Badburham‚

349 1115 383 1172 et
409 1109 605 1173 attachiauit
629 1110 737 1192 ipsum
762 1129 942 1173 messorem
966 1111 1008 1174 ad
1033 1113 1303 1194 respondendum
1326 1111 1389 1175 sibi
1412 1111 1455 1174 de

348 1213 471 1278 iniusta
493 1213 711 1278 districcione.
757 1212 825 1297 Qui
850 1216 957 1297 primo
980 1215 1034 1279 die
1058 1217 1149 1280 uenit
1171 1217 1244 1280 sine
1266 1216 1397 1280 essonio
1420 1224 1455 1278 et

349 1317 521 1401 placitauit
541 1338 618 1384 cum
641 1339 688 1382 eo.
732 1319 998 1402 Verumptamen
1020 1321 1109 1384 curia
1130 1320 1192 1385 fuit
1211 1321 1309 1384 nimis
1325 1320 1455 1384 fauora-

348 1423 423 1487 bilis
446 1424 509 1507 ipsi
530 1423 687 1507 johanni,
709 1431 744 1487 et
767 1425 881 1487 statim
904 1423 999 1488 dedit
1018 1424 1181 1506 judicium
1205 1434 1321 1489 contra
1343 1425 1454 1507 ipsum

349 1548 540 1592 messorem.
585 1528 738 1612 Rogatus
759 1528 848 1591 idem
870 1549 996 1592 messor
1017 1530 1106 1610 quod
1126 1529 1289 1592 inueniret
1305 1527 1453 1611 plegium

349 1633 391 1697 de
404 1633 650 1709 misericordia¹‚
660 1632 787 1696 habens
799 1632 974 1696 consilium
988 1631 1108 1695 Prioris
1121 1631 1216 1696 iuxta
1229 1653 1273 1708 se,
1283 1631 1455 1715 respondit

348 1737 439 1821 quod
460 1737 574 1814 noluit,
590 1748 623 1801 et
644 1736 844 1801 senescallus
866 1737 961 1800 iussit
976 1738 1111 1801 arestari
1128 1756 1247 1819 corpus
1263 1737 1342 1814 eius,
1357 1745 1391 1800 et
1407 1737 1455 1801 ita

348 1842 473 1906 lactum
501 1852 552 1906 est
579 1862 683 1924 usque
710 1843 752 1906 ad
780 1841 896 1905 horam
924 1860 1057 1905 nonam.
1108 1840 1199 1903 Prior
1229 1861 1308 1904 uero
1338 1841 1453 1904 statim

348 1947 439 2011 misit
459 1947 502 2011 ad
518 1948 642 2011 curiam
660 1947 773 2030 Regis,
788 1957 822 2011 et
838 1947 1032 2029 impetrauit
1048 1947 1148 2010 breue
1164 1945 1206 2008 de
1222 1945 1306 2009 salso
1323 1944 1454 2010 iudicio.

348 2052 426 2137 Quo
446 2053 528 2130 uiso,
543 2062 724 2117 sectatores
744 2054 833 2115 curie
854 2051 1008 2115 uidentes
1027 2071 1063 2114 se
1083 2071 1156 2114 esse
1178 2051 1210 2114 in
1232 2061 1307 2114 arto
1325 2052 1453 2134 positos

347 2155 495 2220 lecerunt
518 2176 635 2239 pacem
659 2176 734 2218 cum
759 2156 871 2218 Priore
895 2175 954 2238 pro
977 2155 1154 2236 sexaginta
1177 2151 1301 2230 solidis,
1321 2163 1355 2217 et
1375 2174 1454 2217 con·

347 2261 474 2325 cordati
491 2271 576 2324 sunt.
623 2259 742 2323 Dictus
758 2280 837 2323 uero
851 2258 1023 2339 Johannes
1039 2260 1081 2321 de
1099 2257 1228 2320 Hulmo
1243 2268 1361 2341 postea
1375 2277 1452 2320 cum

348 2385 472 2448 magna
486 2363 674 2427 humilitate
688 2363 801 2446 posuit
817 2382 852 2425 se
868 2364 901 2424 in
917 2361 1143 2425 misericordia
1160 2361 1289 2425 Prioris.

346 2617 397 2678 61.
441 2613 494 2676 De
513 2612 636 2695 planto
662 2610 749 2675 inter
772 2610 925 2674 Priorem
949 2608 989 2672 de
1013 2607 1206 2671 Bemewelle
1229 2616 1260 2671 et
1284 2606 1452 2670 dominum

439 2717 470 2782 T
466 2717 595 2780 hamam
633 2715 798 2780 Lenebant
832 2713 1094 2778 archidiaconum
1133 2711 1309 2794 Suffolchie
1343 2731 1453 2774 coram

433 2821 625 2888 iustisiariis
650 2820 737 2902 regas
761 2819 852 2902 apud
878 2817 1054 2884 cattohale
1078 2816 1117 2880 de
1145 2816 1275 2880 redditu
1301 2814 1340 2878 de
1365 2811 1452 2878 Bur·

431 2927 532 2992 stalle.

183 3116 331 3188 ormam-
412 3098 560 3184 Quidam
576 3097 685 3160 dictus
701 3094 868 3159 Walterus
885 3094 915 3156 le
932 3093 1039 3156 Franc
1058 3092 1100 3155 de
1116 3091 1311 3158 Cestertone
1327 3094 1452 3176 recepit

181 3175 366 3310 vffiffia
394 3203 579 3268 Laurencio
607 3203 718 3265 Priore
745 3209 778 3264 et
805 3208 971 3263 conuentu
999 3200 1042 3262 de
1069 3197 1271 3261 Bemewelle
1294 3197 1336 3260 ad
1362 3196 1450 3262 feodi

184 3317 287 3362 ³⁰⁶0&
346 3309 476 3374 firmam
504 3318 624 3372 terram
652 3307 695 3370 de
719 3302 882 3368 Burstalle
905 3324 981 3366 cum
1005 3301 1218 3385 pertinenciis
1243 3321 1302 3384 per
1323 3313 1450 3367 cartam
1551 3341 1553 3344 ·

346 3413 624 3497 cyrographatam
646 3430 706 3494 pro
726 3411 905 3492 sexaginta
920 3407 1035 3472 solidis
1051 3427 1110 3490 per
1125 3427 1248 3470 annum
1266 3417 1327 3471 etc.
1373 3406 1452 3491 Quo

346 3519 512 3595 defuncto,
525 3517 692 3581 Robertus
709 3515 739 3578 le
752 3514 875 3577 Frane³
890 3513 977 3578 filius
993 3513 1063 3576 eius
1079 3522 1113 3575 et
1128 3512 1222 3576 heres
1238 3511 1396 3576 successit
1411 3513 1452 3589 ei,

345 3633 379 3688 et
406 3623 484 3687 secit
510 3622 704 3703 homagium
733 3628 767 3683 et
790 3618 949 3682 releuium
974 3617 1076 3680 Priori
1100 3614 1142 3679 de
1167 3614 1367 3680 Bemewelle
1390 3635 1452 3697 pro

346 3726 464 3791 eodem
489 3734 689 3790 tenemento,

412 3832 491 3894 Post
507 3829 629 3893 multos
646 3848 725 3891 uero
740 3846 855 3903 annos,
868 3825 1041 3908 ignorante
1059 3823 1178 3898 Priore,
1195 3823 1346 3887 vendidit
1361 3823 1450 3887 idem

270 3943 288 3995 s.
301 3958 330 4009 μ
347 3935 514 4001 Robertus
530 3935 668 3997 domino
683 3932 815 3996 Thome
831 3930 1005 3994 Lenebant
1021 3927 1254 3991 archidiacono
1271 3927 1452 3992 Suffolchie

344 4051 455 4106 totum
486 4046 714 4103 tenementum
745 4035 836 4118 quod
867 4035 975 4098 tenuit
1005 4033 1047 4096 de
1079 4032 1190 4095 Priore
1216 4032 1249 4095 in
1278 4031 1451 4109 Burstalle,

395 4212 404 4244 ¹
421 4211 477 4262 The
489 4218 559 4260 court
570 4209 600 4259 oi
608 4210 652 4259 the
661 4209 742 4259 honor
753 4208 783 4258 oi
792 4207 914 4270 Brittany‚
926 4206 987 4255 held
998 4205 1032 4269 by
1044 4204 1086 4254 the
1097 4211 1186 4254 counts
1197 4202 1227 4252 oi
1234 4202 1348 4267 Brittany
1360 4204 1398 4253 ior
1409 4204 1452 4256 the

344 4294 437 4346 benefit
449 4294 479 4344 oi
486 4293 551 4344 their
563 4300 669 4344 tenants.

393 4375 404 4407 ¹
420 4375 454 4441 pl'
465 4377 498 4424 de
509 4381 567 4435 mla,
582 4375 640 4426 MS.

394 4458 404 4491 ³
423 4461 482 4508 Rot.
497 4459 585 4508 Hund.
598 4459 654 4507 Vol.
670 4459 696 4507 ii.
709 4474 734 4523 p.
748 4455 803 4522 366.
