3212 5064
338 389 383 460 54
688 368 748 466 Of
776 369 944 443 William
969 370 1098 467 Rufus
1324 369 1445 470 [Boon

334 567 468 611 suorum
502 547 634 632 Regum
666 548 791 632 Anglie
818 569 923 633 usque
954 549 986 614 in
1018 559 1208 633 presentem
1234 551 1335 629 diem,
1362 551 1443 616 utile

334 651 467 717 uidetur
489 651 551 716 sub
574 653 738 716 breuitate
761 662 991 719 transcurrere.

170 781 279 833 oran(
399 755 504 819 Anno
540 757 678 820 Domini
717 761 772 820 m⁰.
803 757 860 820 lx⁰.
891 759 956 822 vii⁰.
988 769 1149 842 regnante
1185 759 1339 824 Haroldo
1375 759 1444 824 filio

169 831 323 932 lviiidie
336 857 511 942 Godwyni,
529 871 564 924 et
582 859 672 943 apud
693 859 968 943 Stamphordiam
989 859 1022 923 in
1047 860 1135 924 bello
1157 868 1344 944 occupato¹,
1362 861 1443 924 Wil-

168 932 285 1035 aseae.
334 963 452 1028 lelmus
466 964 606 1028 Bastard
621 964 744 1029 Comes
757 965 788 1028 N
791 966 964 1028 ormannie
980 966 1142 1049 Angliam
1158 966 1269 1044 intrat,
1284 976 1318 1030 et
1334 966 1442 1049 ipsum

336 1070 524 1134 Haroldum
563 1067 727 1135 interficit.
788 1069 855 1154 Qui
886 1069 1037 1153 sepultus
1072 1079 1124 1134 est
1161 1069 1195 1133 in
1226 1070 1365 1134 ecclesia
1400 1071 1442 1135 de

334 1174 516 1250 waltham,
539 1193 628 1237 anno
652 1173 745 1256 regni
769 1175 820 1237 sui
843 1173 960 1256 primo.

399 1277 588 1342 Willelmus
601 1278 752 1356 Bastard,
764 1280 821 1363 qui
833 1288 868 1344 et
879 1279 1003 1343 nothus
1014 1279 1143 1357 dicitur,
1156 1289 1262 1343 totam
1281 1279 1441 1364 Angliam

332 1382 395 1447 sibi
419 1382 548 1460 subicit,
571 1393 606 1446 et
630 1382 807 1447 Londonie
830 1383 863 1447 in
888 1404 999 1466 regem
1023 1393 1201 1448 coronatur
1224 1383 1267 1448 ab
1291 1384 1442 1449 Aldredo

333 1487 537 1553 Eboracensi
573 1487 831 1571 archiepiscopo,
888 1487 1000 1552 Swani
1038 1486 1141 1570 Regis
1174 1487 1347 1554 Danorum
1384 1489 1441 1572 filij

332 1611 408 1656 cum
425 1593 566 1656 nauibus
582 1591 684 1656 ccxl.
706 1592 739 1658 in
762 1591 1042 1656 Norhumberiam
1064 1592 1190 1657 intrant
1209 1604 1243 1657 et
1265 1593 1442 1677 applicant.

333 1696 521 1760 Willelmus
552 1717 612 1760 rex
643 1717 684 1760 eo
714 1695 855 1760 tendens
886 1706 992 1761 totam
1025 1695 1327 1760 Norhumberiam¹
1357 1697 1443 1760 ferro

169 1807 233 1849 ΛΦ·
244 1810 300 1860 10⁶⁹·
332 1812 365 1864 et
392 1801 527 1865 flamme
554 1802 664 1878 tradit,
690 1800 777 1864 vnde
803 1811 838 1865 et
864 1800 969 1864 fames
993 1810 1108 1865 secuta
1130 1810 1182 1865 est
1204 1800 1443 1866 intollerabilis.

333 1905 446 1970 Cnuth
468 1907 643 1970 Danorum
665 1927 726 1970 rex
748 1925 823 1969 cum
842 1925 965 1984 magno
981 1915 1143 1988 apparatu
1165 1905 1326 1989 Angliam
1350 1907 1441 1970 inua-

334 2010 412 2074 dere
424 2019 528 2093 parat‚
540 2011 598 2073 sed
610 2008 798 2073 Willelmus
809 2028 878 2086 rex,
888 2008 1146 2092 circumquaque
1158 2009 1272 2074 accitis
1283 2009 1442 2074 militibus

333 2125 367 2177 et
394 2112 584 2196 sagittariis
610 2112 772 2196 Angliam
801 2112 900 2176 ualde
926 2122 1054 2196 grauat,
1080 2122 1114 2177 et
1146 2112 1271 2178 Cnuthi
1302 2124 1442 2178 conatus

169 2218 523 2298 asoremmadnichilat.
570 2217 617 2281 Et
637 2227 815 2280 coronatus
836 2225 887 2279 est
908 2216 971 2280 iste
987 2214 1171 2280 Willelmus
1193 2217 1336 2282 Bastard
1352 2238 1441 2282 anno

333 2323 460 2387 domini
474 2329 537 2387 .m⁰.
554 2322 612 2386 lx⁰.
628 2321 694 2403 vij⁰.
735 2320 801 2384 Hic
817 2319 912 2384 dedit
925 2319 1053 2402 Pycoto
1065 2321 1251 2384 vicecomiti
1268 2321 1439 2385 baroniam

333 2429 389 2512 qui
414 2427 476 2492 fuit
496 2427 655 2491 fundator
674 2426 910 2490 canonicorum
931 2425 975 2489 de
1003 2423 1226 2508 cantebrigia
1272 2425 1441 2508 Regnauit

333 2542 445 2597 autem
468 2533 548 2597 ‚xxi
571 2531 676 2609 annis,
695 2539 729 2595 et
752 2539 903 2594 mortuus
926 2538 985 2604 est,
1009 2538 1044 2592 et
1064 2528 1214 2612 sepultus
1237 2538 1288 2593 est
1313 2531 1345 2593 in
1370 2551 1440 2594 mo-

333 2637 478 2701 nasterio
498 2639 541 2701 de
563 2637 653 2700 Kam
675 2636 709 2698 in
726 2632 958 2698 Normannia³.
1002 2631 1071 2696 lste
1087 2631 1276 2696 Willelmus
1297 2653 1357 2697 rex
1381 2655 1441 2717 pro

333 2741 508 2805 animabus
537 2739 785 2805 interfectorum
817 2739 851 2801 in
883 2737 971 2801 bello
1001 2757 1060 2820 per
1089 2738 1160 2799 eius
1190 2739 1374 2802 aduentum
1406 2737 1439 2801 in

333 2841 503 2926 Angliam,
526 2840 682 2904 fundauit
705 2838 816 2903 nobile
840 2838 1081 2902 Monasterium
1105 2837 1148 2900 de
1172 2836 1274 2900 Bello.

652 3010 702 3074 31.
747 2991 799 3056 De
829 2991 988 3056 Willelmo
1010 2989 1119 3073 Ruffo.

168 3159 277 3211 orxrng
398 3131 565 3196 Robertus
587 3131 753 3196 Curthuse
774 3129 836 3193 suit
857 3129 1097 3213 primogenitus
1121 3127 1260 3210 predicti
1281 3126 1439 3192 Willelmi

168 3209 317 3312 illll‘ila.
333 3237 474 3302 Bastard
498 3247 532 3301 et
555 3235 639 3318 abijt
662 3236 695 3298 in
722 3245 843 3299 terram
867 3244 1019 3299 sanctam
1047 3233 1156 3298 adhuc
1184 3235 1318 3297 uiuente
1345 3243 1440 3315 patre

167 3312 317 3412 iiilrinoo.
331 3363 399 3407 suo.
447 3341 493 3405 Et
521 3343 675 3425 Paganus
707 3340 842 3404 Peuerel
874 3341 936 3405 fuit
963 3339 1087 3403 ibidem
1115 3337 1252 3421 signifer
1277 3337 1356 3426 eius
1380 3337 1437 3420 qui

330 3455 448 3528 postea
473 3443 535 3507 luit
561 3443 699 3507 ecclesie
726 3443 768 3507 de
794 3443 994 3506 Bernewelle
1027 3451 1195 3525 patronus
1242 3440 1287 3504 Et
1317 3441 1436 3504 eodem

331 3549 481 3614 Roberto
507 3549 646 3611 absente
673 3547 812 3611 tradidit
838 3546 1007 3629 predictus
1038 3566 1099 3608 rex
1131 3544 1301 3609 Willelmo
1334 3542 1436 3609 Rullo

329 3653 474 3717 filiosuo
490 3653 637 3716 secundo
654 3671 792 3734 regnum
807 3649 933 3733 Anglie
949 3649 983 3713 ln
1000 3649 1192 3714 infirmitate
1204 3671 1271 3733 qua
1287 3661 1437 3714 mortuus

328 3770 387 3823 est
419 3757 464 3822 Et
479 3779 500 3822 a
517 3756 706 3820 Lanfranco
717 3756 967 3839 archiepiscopo
980 3755 1213 3820 Cantuariensi
1225 3765 1438 3820 consecratus

328 3860 407 3946 [est]
431 3863 464 3924 in
485 3860 624 3925 ecclesia
645 3860 752 3924 sancti
775 3859 862 3923 Petri
879 3857 1179 3939 Westmonasterij.
1228 3859 1304 3936 Hic,
1322 3859 1438 3923 diuisis

328 3967 491 4031 thesauris
507 3964 612 4046 patris
628 3963 678 4027 sui
694 3962 842 4044 ecclesijs
858 3973 891 4026 et
907 3961 1117 4045 pauperibus,
1129 3963 1259 4026 vinctos
1272 3983 1389 4027 omnes
1402 3965 1435 4028 in

328 4070 454 4154 Anglia
477 4092 498 4133 a
520 4068 661 4133 uinculis
684 4069 792 4133 soluit.
839 4068 906 4132 Hic
928 4067 1039 4131 aulam
1064 4068 1189 4149 regiam
1212 4070 1303 4151 apud
1327 4067 1437 4131 West-

376 4200 384 4232 ¹
402 4201 458 4250 The
469 4200 547 4248 battle
559 4196 588 4246 oi
597 4195 726 4248 Stamiord
739 4199 831 4262 Bridge
842 4213 893 4246 was
905 4197 993 4262 fought
1005 4213 1034 4260 ²⁵
1048 4199 1119 4262 Sept.
1135 4195 1205 4246 1066.

375 4283 385 4314 ²
402 4280 683 4340 Norbamhumberiam,
703 4280 759 4330 MS.

375 4367 385 4397 ³
401 4366 513 4415 William
529 4364 588 4414 died
604 4373 629 4415 at
647 4365 744 4424 Reum,
763 4379 779 4429 9
793 4364 864 4428 Sept.
885 4364 953 4426 1087,
969 4361 1020 4411 and
1036 4377 1087 4411 was
1103 4361 1192 4412 buried
1206 4361 1232 4410 in
1250 4361 1276 4411 S.
1294 4359 1437 4426 Stephen's,

326 4449 403 4501 caen.
