3212 5064
140 374 171 473 1]
386 377 447 474 Os
465 378 525 450 the
550 378 689 450 Prz‘ors
713 376 794 448 and
813 375 918 448 their
939 384 1015 447 acts
1200 380 1247 467 65

401 619 452 681 41.
496 600 549 664 Dr
569 600 715 666 Ricardo
737 600 845 665 Norel
861 600 989 664 Priore.
1064 603 1066 610 ⁴

206 745 377 811 Defuncto
401 755 514 812 autem
541 747 649 830 priore
676 747 825 812 Gerardo
851 746 1008 811 successit
1031 747 1061 810 ei
1086 743 1249 808 Ricardus
1265 745 1371 846 {⁵52in

142 849 244 914 Norel
273 853 323 916 uir
347 853 529 936 religiosus,
556 852 712 937 simpleX,
742 863 775 917 et
805 851 1047 936 pusillanimus,
1078 851 1134 932 qui
1165 846 1414 948 onussslgffifslg‘

141 955 310 1037 regiminis
341 958 503 1021 sustinere
535 977 600 1020 non
632 956 818 1040 preualens,
847 956 1000 1019 salutatis
1030 954 1186 1018 fratribus
1217 962 1250 1016 et

139 1059 308 1137 osculatis,
331 1060 415 1124 inira
439 1061 610 1125 biennium
633 1071 755 1145 sponte
777 1061 921 1136 recessit,
945 1072 978 1126 et
1006 1058 1115 1124 Gallie
1139 1067 1250 1142 partes

141 1163 267 1238 adiens,
288 1174 406 1246 postea
430 1184 495 1229 non
520 1165 715 1248 comparuit.

194 1371 245 1434 42.
290 1355 343 1420 De
363 1357 503 1440 Hugone
523 1357 723 1422 Dmnesman
745 1358 864 1422 Priore
884 1369 916 1422 et
937 1357 1029 1422 illius
1050 1355 1197 1422 bonitate.

209 1500 286 1586 Quo
307 1503 482 1569 recedente
503 1506 642 1571 accessit
658 1507 700 1570 ad
719 1506 905 1570 Prioratum
922 1507 972 1570 vir
987 1525 1119 1569 summa
1135 1504 1251 1569 libera·
1266 1510 1370 1603 3332·-

142 1607 236 1672 litate
248 1617 281 1672 et
294 1607 509 1691 benignitate,
521 1611 690 1692 predictus
708 1610 812 1692 Hugo
829 1609 1047 1686 Domesman,
1062 1609 1251 1686 canonicus,
1266 1623 1349 1704 3:23¹!

142 1711 259 1775 iratres
289 1713 371 1776 satis
400 1712 552 1794 diligens,
580 1723 614 1778 et
641 1715 684 1778 ab
713 1715 761 1777 eis
791 1715 872 1777 satis
902 1713 1052 1790 dilectus,
1079 1713 1136 1797 qui
1167 1712 1252 1778 adeo
1266 1713 1398 1816 hssl'uss.

143 1815 323 1880 liberaliter
349 1827 383 1880 et
408 1817 575 1883 socialiter
597 1818 753 1884 iratribus
777 1819 810 1882 in
834 1818 979 1883 claustro
1002 1817 1252 1882 considentibus

142 1921 338 1985 considebat
350 1943 358 1998 ;
389 1923 474 1985 adeo
504 1921 646 1986 dulciter
671 1932 705 1987 et
732 1922 951 1987 amicabiliter
982 1923 1014 1987 in
1043 1921 1191 2005 capitulo
1218 1922 1251 1984 in

143 2024 299 2090 iratribus
322 2024 516 2105 clamandis,
531 2037 565 2092 et
588 2028 782 2092 excessibus
805 2027 1017 2111 corrigendis
1032 2025 1252 2110 procedebat3

143 2130 231 2193 adeo
246 2129 424 2195 liberaliter
443 2141 477 2195 et
496 2131 657 2214 hylariter
677 2134 710 2195 in
727 2132 900 2197 refectorio
916 2131 1010 2195 uultu
1026 2131 1089 2215 [et]
1104 2141 1201 2214 gestu
1217 2151 1253 2195 se

141 2233 290 2318 gerebat,
313 2246 351 2300 ut
374 2257 394 2300 a
421 2237 590 2302 nonnullis
613 2239 675 2302 sibi
700 2239 743 2302 ad
768 2238 956 2303 fatuitatem
980 2246 1197 2321 reputaretur,
1220 2247 1254 2300 et

142 2359 211 2402 non
236 2360 376 2423 preesse,
399 2341 457 2405 sed
480 2362 603 2418 coesse,
627 2341 679 2406 uel
705 2343 840 2406 subesse
864 2342 1035 2406 diceretur.
1083 2341 1153 2405 Iste
1175 2361 1254 2404 uero

142 2443 234 2507 beati
258 2444 372 2528 Egidij
396 2445 533 2510 ecclesie
556 2467 614 2510 sue
642 2446 774 2529 patroni
798 2466 858 2529 per
880 2446 994 2509 omnia
1020 2455 1155 2510 secutus
1181 2465 1254 2508 ues-

142 2547 235 2631 tigia,
251 2549 443 2632 parentibus
458 2551 529 2615 eius
545 2552 578 2614 in
596 2571 678 2635 pace
692 2550 868 2626 defunctis,
885 2550 1077 2635 patrimonii
1098 2550 1148 2614 sui
1163 2550 1253 2633 quod
1268 2573 1285 2623 r,
1298 2573 1354 2622 „b

142 2653 226 2716 satis
242 2672 402 2736 magnum
419 2664 624 2718 remanserat
639 2653 808 2719 Christum
826 2653 904 2719 lecit
919 2654 1084 2719 heredem.
1130 2653 1254 2718 Totam

142 2765 267 2821 terram
290 2756 425 2822 Osbcrti
447 2759 655 2823 Domesman
668 2758 772 2842 patris
787 2759 838 2822 sui
854 2758 979 2823 scilicet
994 2758 1122 2842 sepcies
1137 2757 1255 2840 viginti

142 2881 239 2925 acras
269 2861 302 2926 in
332 2865 460 2948 campis
490 2866 534 2928 de
567 2863 792 2947 Cantebrigia,
823 2884 883 2928 nec
914 2884 982 2929 non
1016 2883 1189 2928 mansuras
1222 2862 1254 2926 in

143 2967 253 3050 burgo
279 2987 381 3049 quam
405 2968 525 3050 plures,
544 2967 578 3032 in
602 2988 815 3032 communem
839 2968 977 3032 fratrum
1001 2967 1144 3032 deduxit
1167 2965 1255 3030 utili-

143 3079 259 3135 tatem.
314 3071 410 3136 Duas
445 3073 553 3156 hydas
588 3081 675 3137 terre
705 3073 738 3137 in
771 3071 1023 3156 Maddingelaia
1052 3070 1256 3154 adquisiuit;

143 3175 322 3241 ecclesiam
349 3176 392 3241 de
419 3177 595 3243 Wendena
622 3177 832 3262 negligencia
857 3178 908 3242 sui
933 3176 1175 3261 predecessoris
1199 3177 1255 3240 de-

143 3280 311 3364 perditam
329 3283 512 3361 reuocauit3
531 3283 774 3365 possessionem
791 3282 937 3366 aliquam
955 3301 1137 3364 numquam
1155 3280 1255 3344 alien-

144 3385 227 3462 auit,
242 3405 303 3449 nec
319 3405 378 3469 spe
395 3385 447 3450 uel
462 3386 647 3468 cupiditate
668 3387 808 3468 pecunie
831 3386 1045 3469 adipiscende
1060 3384 1257 3448 hereditarie

144 3489 246 3554 alicui
268 3490 417 3555 contulit.
465 3491 684 3554 Postmodum
709 3489 741 3552 in
765 3489 960 3573 languorem
984 3487 1143 3552 decidens
1166 3488 1256 3551 incu-

144 3593 298 3673 rabilem,
322 3603 356 3659 et
383 3615 463 3659 oues
490 3595 553 3658 sibi
584 3594 779 3658 commissas
809 3593 874 3658 deo
905 3593 1154 3670 commendans
1181 3601 1258 3677 post

144 3708 340 3781 susceptum
361 3699 547 3763 Prioratum
563 3719 653 3763 anno
668 3698 827 3762 vicesimo
843 3698 999 3780 migrauit
1014 3697 1057 3762 ad
1074 3697 1256 3761 dominum.

143 3895 201 3961 43.
245 3877 297 3942 De
318 3877 456 3943 Roberto
478 3877 598 3943 Priore
621 3888 653 3943 et
674 3877 766 3944 illius
788 3876 928 3942 bonitate
948 3887 1150 3962 cognomento
1175 3875 1256 3951 Joel.

215 4016 370 4100 Suscepit
393 4026 505 4081 autem
533 4026 610 4100 post
635 4035 712 4080 eum
737 4035 822 4079 onus
846 4015 1015 4098 regiminis
1037 4017 1088 4079 uir
1110 4015 1259 4080 inaudite
1272 4022 1413 4113 imp„

145 4121 336 4186 seueritatis
372 4131 405 4184 et
440 4120 652 4196 austeritatis,
687 4119 855 4182 Robertus
890 4121 1078 4192 canonicus,
1113 4139 1180 4202 quo
1215 4121 1257 4182 ad
1272 4099 1420 4173 ¹¹⁷⁵·¹²⁰⁸·'

145 4225 389 4312 increpandum
427 4224 537 4288 nullus
567 4226 732 4304 seuerior;
770 4223 813 4287 ad
844 4223 1155 4307 reprehendendum
1186 4222 1258 4286 nul-

145 4332 200 4396 lus
236 4330 406 4396 austerior.
464 4328 532 4393 Hic
561 4328 697 4412 quidem
734 4347 870 4392 manum
901 4346 995 4390 suam
1033 4327 1184 4390 mittens¹
1214 4326 1256 4389 ad

583 4456 593 4490 ¹
609 4457 747 4518 mittentes,
766 4457 825 4509 MS.

229 4577 256 4621 C·
1161 4571 1176 4632 5
