3222 5086
124 351 187 451 111]
416 355 583 428 Marder
607 355 647 427 in
674 353 826 429 Bourm
863 353 977 428 Wood
1179 375 1243 447 145

420 644 470 724 65.
516 644 569 706 De
589 652 691 708 morte
712 653 930 708 mrcatomm.

192 816 231 879 In
248 815 350 878 bosco
367 816 487 880 Prioris
503 816 593 899 apud
611 816 745 880 Brunne
761 817 823 881 fuit
838 817 977 901 quidam
997 816 1232 900 carpentarius,
1246 811 1388 904 ssggffl

123 921 260 984 nomine
293 921 407 984 Petrus
438 921 481 984 de
511 921 631 1003 Burg0,
662 920 769 984 bonus
799 921 902 985 homo
932 932 966 985 et
996 921 1110 985 fidelis.
1166 920 1388 1004 chffiiri¹'

122 1027 304 1106 prostrauit
327 1025 470 1089 eundem
499 1025 636 1088 boscum
664 1035 697 1090 et
725 1027 885 1102 uendidit,
907 1036 942 1090 et
965 1026 1146 1110 assumpsit
1170 1025 1232 1089 sibi
1245 1012 1390 1104 &2¹22st

121 1127 209 1192 duos
224 1130 448 1212 carpentarios
465 1130 507 1194 ad
524 1129 707 1194 dolandum
726 1131 823 1213 ligna.
841 1142 875 1195 et
891 1131 968 1196 fecit
984 1132 1046 1195 sibi
1062 1131 1231 1213 tugurium
1246 1113 1364 1206 ffssffi

123 1233 156 1296 in
173 1233 285 1310 bosco,
302 1235 334 1296 in
351 1255 418 1316 quo
434 1235 579 1298 comedit
596 1245 629 1298 et
644 1236 737 1312 bibit,
753 1246 787 1299 et
808 1235 1016 1318 pernoctauit
1036 1255 1112 1299 cum
1134 1233 1233 1315 socijs
1245 1214 1394 1306 ἓξὲξῧξέξῖ

121 1339 199 1400 suis.
248 1338 323 1402 Hoc
345 1349 456 1402 autem
478 1338 555 1402 fecit
576 1359 618 1402 ne
639 1360 698 1422 per
718 1351 851 1404 noctem
873 1341 925 1404 uel
941 1341 1029 1404 diem
1047 1339 1230 1422 dampnum
1244 1314 1389 1408 iiiiiirlrif

121 1440 217 1507 fieret
248 1443 358 1507 Priori.
420 1442 465 1506 Et
494 1463 571 1506 ecce
601 1442 682 1506 seria
711 1455 830 1526 quarta
863 1456 941 1509 ante
977 1444 1066 1509 diem
1106 1443 1232 1507 Pasche

121 1558 286 1611 uenerunt
316 1547 384 1610 duo
414 1557 622 1622 mercatores,
649 1547 770 1612 diuites
800 1560 834 1613 et
865 1550 978 1632 magni
1010 1548 1162 1624 nominiS,
1188 1548 1231 1611 de

121 1651 272 1733 partibus
297 1651 497 1726 Stamiorde,
519 1661 552 1715 et
577 1651 632 1734 alij
660 1662 727 1716 tres
754 1655 906 1718 extranei
933 1655 966 1717 in
989 1655 1148 1717 comitiua
1171 1673 1231 1716 sua

121 1756 281 1821 iacientes
307 1757 484 1821 transitum
510 1778 569 1840 per
590 1758 704 1821 villam
731 1761 774 1822 de
798 1757 962 1836 Caxtone,
984 1769 1018 1822 et
1045 1759 1169 1822 ibidem
1193 1769 1230 1822 ut

121 1863 296 1927 dicebatur
325 1864 480 1927 biberunt
510 1863 616 1928 simul.
664 1864 803 1942 Deinde,
830 1865 928 1928 simul
960 1865 1141 1929 militantes
1171 1885 1231 1948 per

122 1966 212 2031 uiam
243 1988 308 2050 que
335 1967 523 2051 appellatur
553 1968 819 2051 Ermingstrete¹,
844 1979 1006 2034 venerunt
1036 1970 1097 2033 sub
1128 1969 1230 2032 bosco

123 2070 245 2134 Prioris
266 2072 436 2136 antedicto
456 2082 532 2155 post
554 2072 632 2135 solis
653 2093 807 2137 occasum
828 2094 868 2137 ea
890 2073 971 2137 hora
992 2093 1059 2155 qua
1078 2073 1230 2137 homines

121 2186 350 2240 conuenerunt
380 2177 422 2240 ad
454 2176 627 2240 ecclesiam
655 2177 698 2239 ad
726 2178 929 2241 audiendum
957 2177 1139 2240 matutinas
1165 2198 1230 2259 que

121 2278 335 2362 appellantur
363 2281 394 2344 T
390 2280 506 2358 enebre,
529 2289 562 2344 et
585 2280 630 2343 ibi
658 2280 807 2345 iecerunt
831 2283 983 2346 extranei
1009 2280 1168 2345 insultum
1196 2283 1228 2344 in

121 2394 332 2460 mercatores
358 2394 392 2449 et
418 2405 474 2447 eos
505 2383 772 2457 uulnerauerunt,
799 2395 832 2449 et
862 2388 904 2450 de
934 2387 1028 2468 equis
1058 2387 1125 2448 suis
1155 2406 1230 2468 pro-

121 2499 311 2554 strauerunt
349 2501 383 2554 et
420 2490 661 2555 interfecerunt
719 2490 854 2556 Clamor
891 2512 970 2555 uero
1008 2500 1229 2555 mercatorum

121 2594 255 2657 auditus
276 2605 327 2659 est
345 2596 508 2677 usquead
525 2594 699 2659 ecclesiam
716 2596 757 2659 de
775 2595 896 2672 Stowe,
912 2598 968 2660 sed
987 2597 1049 2680 ipsi
1066 2595 1230 2679 predones

120 2699 267 2780 acceptis
282 2700 437 2762 omnibus
453 2700 571 2763 eadem
588 2709 686 2763 nocte
702 2711 864 2766 uenerunt
879 2703 923 2765 ad
937 2700 1052 2764 villam
1068 2702 1111 2764 de
1124 2701 1230 2766 Cruce

122 2803 260 2885 Royse².
321 2803 484 2885 Requisiti
516 2814 628 2866 autem
659 2823 762 2886 quare
793 2807 839 2868 ita
868 2814 963 2868 erant
994 2803 1165 2880 uulnerati,
1196 2812 1230 2867 et

120 2928 223 2989 quare
242 2929 356 2971 eorum
373 2909 573 2971 vestimenta
594 2916 687 2971 erant
708 2909 972 2990 sanguinolenta,
989 2907 1230 2990 responderunt

120 3011 211 3096 quod
235 3012 378 3076 latrones
400 3013 577 3076 uoluerunt
597 3033 655 3077 eos
677 3013 879 3077 interfecisse
900 3034 959 3097 per
979 3013 1067 3078 uiam
1088 3021 1123 3075 et
1138 3012 1228 3094 quod

120 3136 235 3180 eorum
261 3136 378 3181 manus
401 3117 460 3180 uix
483 3126 662 3180 euaserunt
684 3137 760 3180 cum
783 3117 859 3181 vita.
908 3116 997 3200 Quid
1024 3117 1141 3200 plura?
1189 3116 1227 3179 In

120 3222 267 3285 crastino
281 3221 416 3305 quidem
433 3221 560 3285 inuenti
576 3232 671 3285 erant
693 3231 892 3285 mercatores
913 3221 1044 3297 mortui,
1059 3230 1093 3283 et
1113 3221 1227 3284 statim

120 3325 268 3389 euolauit
289 3324 379 3389 fama
401 3347 460 3408 per
479 3327 653 3390 circuitum
674 3327 764 3409 quod
787 3327 894 3389 dictus
917 3327 1032 3389 Petrus
1052 3327 1095 3389 de
1117 3325 1228 3408 Burgo
1244 3338 1310 3379 now
1321 3339 1393 3380 Peter

121 3438 155 3492 et
182 3428 263 3510 socij
290 3430 360 3492 eius
388 3430 477 3511 ipsos
505 3429 747 3494 interfecerunt.
794 3429 965 3494 Predictus
994 3429 1109 3492 Petrus
1139 3450 1226 3504 uer0,
1241 3388 1374 3490 lioliffi

120 3531 243 3596 auditis
267 3533 463 3609 rumoribus,
485 3543 558 3597 erat
581 3535 680 3598 ualde
704 3534 903 3616 perterritus,
926 3541 960 3596 et
987 3533 1083 3596 multi
1106 3533 1160 3595 alii
1185 3531 1227 3594 de
1240 3490 1382 3595 iri'd'uiitfhe

120 3637 247 3701 familia
269 3635 387 3700 Prioris
408 3638 450 3702 de
473 3639 625 3717 Brunne;
656 3641 714 3702 sed
738 3639 830 3702 Prior
850 3648 947 3702 caute
967 3639 1036 3721 egit
1056 3659 1116 3721 per
1135 3659 1171 3700 se
1193 3648 1228 3701 et

120 3763 182 3825 pro
208 3742 276 3804 suis
306 3743 396 3824 apud
427 3753 667 3820 coronatorem,
693 3745 751 3826 qui
778 3743 890 3806 uenire
917 3742 994 3806 iecit
1024 3742 1147 3806 bonam
1178 3743 1227 3805 in-

120 3846 347 3929 quisicionem,
369 3857 403 3910 et
427 3848 600 3930 inquisicio
622 3848 757 3912 dicebat
779 3849 868 3930 quod
892 3848 1001 3911 dictus
1022 3847 1139 3911 Petrus
1160 3867 1226 3910 non

120 3962 191 4015 erat
212 3951 386 4034 culpabilis
407 3953 450 4016 de
471 3963 578 4016 morte
599 3962 829 4030 mercatorum,
850 3953 1009 4035 quoniam
1030 3951 1149 4015 eodem
1172 3953 1227 4016 die

119 4066 154 4120 et
177 4059 296 4120 eadem
320 4056 403 4120 hora
426 4077 493 4140 qua
517 4066 612 4120 erant
636 4056 799 4120 interiecti
827 4055 888 4120 suit
911 4057 1020 4120 dictus
1044 4055 1160 4119 Petrus
1184 4057 1225 4119 ad

120 4159 293 4223 eeclesiam
310 4160 352 4223 de
370 4161 503 4224 Brunne
519 4159 562 4224 ad
578 4160 782 4224 audiendum
805 4161 986 4224 matutinas
1007 4159 1226 4224 tenebrarum.

121 4265 167 4329 Et
182 4264 229 4328 sic
245 4274 316 4328 erat
331 4263 481 4328 saluatus
496 4285 516 4328 a
533 4274 641 4328 morte
657 4265 827 4329 ueraciter.

228 4421 237 4453 ¹
255 4423 436 4488 Aruingstrete.
451 4423 507 4474 MS.
706 4421 718 4454 ¹
735 4425 848 4488 Royston
856 4442 864 4484 ;
880 4439 922 4474 see
933 4423 1013 4474 above
1025 4423 1066 4474 ch.
1079 4438 1120 4486 4⁰·

201 4547 227 4590 C.
1112 4549 1148 4590 10
