3212 5064
345 353 390 424 82
783 343 1004 421 Ckesterton‘
1335 338 1456 451 [θροις

344 538 477 603 dicens:
502 536 630 602 Putatis
652 554 713 598 uos
732 535 824 617 quod
845 554 908 617 ego
929 553 1004 598 sum
1025 531 1177 616 proditor
1192 529 1319 613 Regis?
1356 529 1455 606 Vere,

345 643 462 726 inquit,
492 661 598 704 essem
631 637 790 723 proditor,
820 639 846 702 si
878 638 1022 703 iacerem
1055 637 1183 719 Regem
1215 634 1456 719 perdere.XV.

345 747 445 812 libras
470 767 533 831 pro
558 745 782 829 quadraginta
808 745 924 810 solidis
953 743 997 808 ad
1024 763 1109 826 opus
1138 760 1248 806 meum
1276 738 1455 823 proprium.

346 852 449 916 Absit
471 851 535 914 hoc
558 870 579 914 a
602 869 664 914 me.

411 954 573 1022 Canonici
603 973 683 1017 uero
713 952 888 1018 audientes
924 953 1104 1016 clamorem
1140 949 1269 1014 confusi
1302 949 1481 1014 exierunt¹

345 1061 515 1126 continuo.
562 1058 710 1124 Clericus
727 1078 807 1122 uero
822 1057 893 1121 eius
914 1077 1088 1122 accurrens
1104 1064 1180 1140 post
1196 1064 1327 1138 tergum
1342 1071 1457 1116 eorum

347 1165 413 1230 ait:
438 1164 583 1228 Mandat
598 1161 696 1226 uobis
713 1160 881 1225 Dominus
899 1180 993 1224 meus
1009 1160 1101 1244 quod
1122 1157 1195 1223 uult
1211 1176 1346 1241 parcere
1362 1153 1459 1219 uobis

346 1289 388 1334 eo
406 1270 497 1353 quod
520 1266 663 1349 religiosi
687 1266 776 1341 estis,
792 1266 819 1328 si
844 1267 874 1330 ei
899 1265 986 1329 detis
1010 1284 1113 1328 unum
1138 1261 1337 1348 palefridum
1357 1258 1459 1344 precii

347 1387 408 1437 .x.
423 1391 618 1436 marcarum.
655 1370 817 1435 Canonici
833 1389 913 1434 uero
927 1369 1087 1432 dixerunt
1101 1387 1201 1450 super
1216 1366 1288 1442 hoc,
1304 1361 1460 1428 uolumus

347 1476 519 1541 consulere
551 1476 716 1562 Priorem.¹
752 1472 937 1537 Venientes
970 1482 1083 1537 autem
1119 1470 1364 1535 nunciauerunt
1397 1467 1460 1530 hec

348 1581 462 1646 omnia
490 1579 603 1644 Priori.
648 1579 746 1642 Tunc
773 1577 820 1642 ait
848 1577 958 1641 Prior:
992 1575 1144 1659 Expedit
1169 1575 1259 1658 quod
1283 1575 1314 1638 ei
1340 1573 1460 1636 demus

349 1684 558 1769 palefridum,
573 1683 653 1766 quia
674 1683 717 1747 de
734 1681 866 1746 duobus
888 1680 986 1744 malis
1007 1680 1117 1743 minus
1138 1678 1264 1743 malum
1286 1686 1338 1741 est
1353 1675 1462 1759 magis

349 1787 548 1871 eligendum.
594 1787 691 1850 Tunc
718 1787 765 1850 ait
788 1805 875 1848 unus
897 1786 941 1848 de
964 1783 1164 1850 Canonicis:
1194 1782 1292 1857 Ecce,
1314 1781 1462 1855 domine,

348 1892 493 1975 qualiter
515 1891 626 1955 noluit
656 1911 729 1954 esse
761 1891 911 1972 proditor
943 1889 1046 1971 Regis
1074 1908 1153 1970 pro.
1169 1885 1374 1963 xL.solidis,
1400 1885 1460 1949 sed

349 2017 410 2080 pro
426 1996 632 2062 .v.marcis
667 1996 843 2060 consensit.
905 1993 1051 2058 Faciatis
1087 2013 1167 2077 ergo
1196 2013 1255 2075 per
1284 1991 1461 2054 consilium

352 2121 462 2165 meum
479 2111 513 2166 et
529 2121 701 2184 nunquam
717 2099 842 2163 dabitis
857 2100 886 2163 ei
904 2118 1008 2162 unum
1029 2097 1175 2162 obolum.
1221 2097 1267 2160 Et
1282 2095 1463 2159 canonicus

351 2204 407 2271 ille
433 2205 466 2270 in
494 2207 639 2270 crastino
666 2204 850 2269 ascendens
880 2223 1015 2286 equum,
1041 2211 1215 2286 assumpto
1244 2220 1357 2266 secum
1394 2219 1463 2263 uno

350 2309 508 2392 garcione
533 2319 677 2384 tantum,
699 2309 792 2373 uenit
818 2308 861 2371 ad
888 2309 1092 2371 scaccarium
1121 2306 1225 2390 Regis
1247 2316 1281 2370 et
1304 2305 1348 2369 ibi
1372 2303 1463 2368 mala

351 2413 463 2497 gracia
475 2412 688 2477 exchaetoris
702 2411 820 2476 habuit
832 2411 933 2474 breue
951 2410 1055 2494 Regis
1071 2411 1115 2474 de
1131 2410 1247 2474 rotulis
1263 2408 1354 2493 quod
1371 2407 1465 2471 Prior

352 2527 387 2582 et
401 2517 555 2581 homines
572 2516 622 2580 sui
638 2515 681 2580 de
698 2515 895 2581 Cestertone
910 2516 1015 2598 quieti
1031 2535 1105 2579 esse
1120 2517 1289 2592 deberent,
1313 2523 1373 2578 etc.

420 2622 546 2685 lterum
584 2632 697 2686 autem
735 2621 873 2684 ueniens
910 2620 1095 2685 exchaetor
1131 2620 1221 2704 apud
1261 2618 1463 2683 Bemewelle

354 2729 482 2808 accepit
497 2725 693 2808 hospicium,
710 2724 769 2789 sed
790 2725 850 2788 uix
873 2725 1051 2788 uoluerunt
1072 2723 1232 2790 Canonici
1254 2723 1344 2788 bono
1365 2722 1463 2787 oculo

356 2831 517 2913 respicere
533 2831 566 2892 in
583 2850 667 2893 eum.
715 2813 837 2892 Postea
853 2829 944 2892 misit
963 2849 1067 2892 ununr
1084 2829 1126 2893 de
1142 2830 1315 2893 monachis
1337 2830 1404 2892 suis
1419 2829 1463 2892 ad

358 2933 504 2996 Priorem
525 2953 587 3017 pro
607 2932 737 2996 duabus
759 2932 878 2996 marcis
900 2932 943 2996 ad
965 2933 1225 3015 acquietandum
1247 2933 1330 2998 allec
1345 2951 1465 3012 suum;

356 3047 390 3100 et
407 3037 500 3100 Prior
515 3037 706 3119 respondit:
730 3034 885 3118 Quande,
902 3037 1018 3119 inquit,
1035 3036 1081 3099 fui
1098 3057 1161 3119 ego
1182 3037 1326 3101 creditor
1341 3035 1411 3100 eius
1426 3046 1465 3100 ut

355 3139 438 3202 allec
457 3160 553 3202 suum
574 3139 823 3222 acquietarem?
855 3139 902 3202 Et
923 3138 1031 3203 noluit
1045 3141 1075 3202 ei
1091 3140 1171 3204 dare
1187 3160 1290 3204 unum
1306 3139 1442 3203 obolum
1458 3159 1465 3216 ;

356 3243 451 3306 etsie
467 3243 599 3326 quietus
621 3253 671 3306 est
694 3241 785 3305 Prior
806 3263 911 3325 usque
927 3243 960 3305 in
976 3252 1167 3325 presentem
1188 3245 1286 3308 diem.
1333 3242 1467 3306 Deinde

356 3345 435 3411 lecit
454 3346 565 3411 leuare
584 3347 769 3428 talliagium
791 3345 833 3409 de
855 3345 1048 3410 hominibus
1069 3349 1137 3410 suis
1152 3349 1195 3411 de
1212 3347 1416 3420 Cestertone,
1431 3353 1468 3408 et

357 3451 493 3515 retinuit
508 3451 551 3513 ad
567 3470 652 3533 opus
668 3470 765 3514 suum
782 3453 963 3534 proprium.

246 3629 263 3680 s·
284 3627 344 3680 αδδ
463 3645 578 3711 14,15.
627 3631 797 3713 Compotus
819 3631 857 3695 de
882 3631 1059 3698 Cestertone
1080 3632 1129 3695 ad
1150 3631 1366 3697 Scaccarium.

276 3784 292 3835 l.
314 3799 344 3850 ²9
413 3775 550 3830 Canonici
561 3776 597 3829 de
609 3776 778 3832 Bemewelle
792 3767 914 3831 reddunt
926 3787 1089 3847 compotum
1102 3775 1139 3830 de
1152 3787 1249 3830 .xxxr.
1260 3774 1339 3829 libris
1350 3791 1468 3830 numero

359 3879 410 3934 pro
422 3874 507 3918 xxx.
521 3862 600 3919 libris
618 3864 727 3920 blancis
744 3865 780 3918 de
793 3864 875 3918 firma
887 3865 952 3918 ville
966 3881 1016 3920 sue
1034 3865 1070 3918 de
1086 3865 1260 3931 Cestertone,
1272 3873 1299 3916 et
1317 3863 1353 3917 de
1369 3873 1467 3917 ..xxxi
1525 3891 1530 3898 ·

195 3923 327 4026 ,mem
359 3950 437 4006 libris
451 3969 512 4022 pro.
519 3963 597 4006 xxx
604 3951 683 4007 libris
696 3953 806 4007 blancis
819 3952 855 4006 de
867 3952 967 4007 eadem
981 3953 1016 4007 de
1029 3969 1104 4008 anno
1117 3951 1256 4024 preterito.
1291 3951 1322 4006 ln
1335 3951 1468 4006 thesauro

195 4024 345 4115 mdiu·
360 4051 448 4094 xx.11
461 4040 559 4104 libras;
577 4051 605 4096 et
619 4039 761 4095 Willelmo
774 4041 810 4094 de
825 4041 1006 4110 Hastingtot¹
1025 4053 1088 4096 xx
1101 4042 1187 4096 libras
1200 4057 1270 4112 quas
1287 4039 1406 4110 percipit
1419 4056 1470 4110 per

195 4127 310 4167 ²⁸³0¹¹2⁰
360 4143 465 4182 annum
479 4127 515 4182 de
532 4127 612 4182 firma
624 4129 752 4226 predicta
769 4129 860 4183 donec
879 4129 939 4184 Rex
951 4129 1142 4199 prouiderit'
1118 4146 1143 4184 er
1157 4129 1187 4183 in
1199 4141 1261 4183 ..xx
1274 4127 1383 4182 libratis
1396 4137 1469 4184 terre

195 4172 337 4274 {¹222qu
360 4210 444 4284 [sicut
456 4213 616 4270 continetur
628 4233 655 4270 m
670 4217 760 4270 rotulo
773 4214 805 4269 li⁰
808 4213 838 4288 ²].
864 4216 921 4270 Et
915 4234 944 4270 m
956 4218 1056 4271 eadem
1069 4219 1242 4273 allocacione
1255 4229 1317 4272 ..xx
1334 4216 1469 4271 librasde

386 4317 395 4350 ¹
414 4319 499 4369 Haten

386 4399 397 4432 ²
413 4401 496 4453 These
501 4319 716 4462 lgzrgls'sommed
728 4403 754 4452 ἱιι
766 4403 808 4453 the
821 4403 889 4464 MS.‚
902 4403 966 4454 have
977 4404 1043 4455 been
1054 4405 1170 4470 supplied
1182 4405 1245 4456 from
1255 4405 1298 4456 the
1308 4405 1368 4471 Pipe
1377 4405 1446 4455 Roll.
