3192 5102
170 387 226 486 tv]
427 385 477 483 of
494 387 533 461 S.
566 385 743 460 clareat
777 386 1013 460 Waterbeaclr
1204 404 1273 476 ²¹7

223 577 285 630 Nos
310 583 403 628 autem
429 571 556 628 officialis
578 573 730 643 predictus,
752 573 851 628 habito
872 589 956 644 super
977 572 1122 643 premissis
1142 573 1275 628 omnibus
1288 567 1442 672 ffissqfft’l

168 663 298 717 consulto
320 659 372 734 [et]
393 670 524 728 tractatu,
546 661 735 717 consideratis
757 661 847 716 eciam
870 670 898 716 et
921 661 974 716 rite
998 662 1125 732 pensatis
1146 661 1275 716 comodis
1288 670 1378 713 officiat

168 767 224 822 que
240 751 350 822 prefato
362 749 535 806 monasterio
551 750 696 805 abbatisse
713 759 742 804 et
758 765 885 804 sororum
903 765 987 820 super
1001 750 1163 804 retencione
1179 749 1274 804 huius·
1288 720 1424 823 {vim}

168 839 245 894 modi
259 840 390 895 euenient
403 840 431 893 in
444 839 576 904 futurum,
589 855 622 893 ac
640 839 730 894 eciam
743 838 876 910 dampnis
888 847 917 894 et
929 838 1120 895 diminucione
1132 838 1274 910 porcionis
1289 833 1313 864 ¹²
1319 821 1438 872 ΜΝ·

168 926 296 983 eiusdem
325 927 378 982 loci
403 925 500 996 vicarij
526 924 574 997 qui
599 941 651 995 pro
675 935 803 995 tempore
825 925 916 995 luerit,
942 926 1021 982 cuius
1046 943 1091 982 res
1115 925 1275 997 specialiter
1286 923 1305 976 l·
1317 927 1349 990 ⁸3

168 1016 261 1086 agitur
283 1015 310 1070 in
333 1016 388 1072 hoc
409 1016 494 1084 lacto,
516 1016 546 1070 in
568 1014 614 1070 dei
639 1015 755 1069 nomine
778 1024 876 1072 tenore
901 1015 1077 1086 presencium
1102 1015 1274 1084 ordinamus,

168 1104 245 1175 quod
267 1105 296 1159 in
318 1104 615 1175 recompensacionem
637 1103 811 1159 minutarum
835 1105 1010 1160 deeimarum
1035 1103 1070 1159 de
1095 1103 1275 1160 incrementis

169 1193 334 1248 animalium
362 1193 538 1264 propriorum
566 1192 758 1262 predictarum
786 1191 980 1262 religiosarum
1008 1203 1035 1248 et
1063 1209 1120 1247 non
1147 1191 1275 1257 aliomm‚

168 1291 195 1336 et
221 1281 298 1347 ortis,
323 1281 459 1338 fructibus
483 1283 624 1348 arborum,
649 1280 820 1336 uiuariomm
845 1289 873 1336 et
901 1279 964 1351 alijs
989 1279 1105 1336 minutis
1133 1278 1276 1352 [decimis]

169 1369 285 1425 inclusis
307 1368 421 1438 ibidem,
441 1369 585 1440 sepultura
602 1385 636 1422 ac
658 1367 856 1424 oblacionibus
877 1369 914 1424 de
936 1367 1052 1424 domina
1070 1368 1227 1424 fundatrice
1248 1379 1276 1424 et

169 1456 321 1512 heredibus
340 1457 406 1526 suis,
426 1475 476 1512 sua
497 1457 587 1512 libera
603 1456 711 1511 familia
732 1465 760 1512 et
779 1456 843 1526 alijs
861 1456 960 1512 amicis
981 1457 1123 1513 nobilibus
1144 1458 1276 1526 quicum

168 1546 211 1601 eis
229 1546 336 1602 ibidem
358 1545 504 1602 euenerint
526 1556 555 1600 et
574 1563 683 1601 moram
705 1546 744 1602 ibi
770 1545 887 1602 iecerint
907 1563 971 1602 cum
994 1547 1110 1612 eisdem,
1130 1545 1276 1600 abbatissa

169 1644 197 1689 et
210 1650 321 1690 sorores
333 1635 370 1689 de
383 1635 571 1690 Waterbeche
588 1634 700 1689 soluent
713 1643 850 1704 perpetuo
866 1632 902 1688 de
918 1633 1000 1688 bonis
1014 1635 1141 1690 eiusdem
1158 1632 1275 1702 manerij

170 1723 213 1777 sui
241 1723 360 1794 predicti
389 1722 496 1778 vicario
524 1723 560 1778 de
585 1722 774 1778 Waterbeche
802 1723 948 1777 annuatim
978 1722 1015 1776 ad
1044 1721 1116 1777 duos
1141 1721 1276 1776 terminos

169 1809 268 1879 viginti
282 1819 309 1865 et
326 1809 398 1864 duos
414 1809 519 1864 solidos
537 1809 736 1879 sterlingorum
754 1809 783 1863 in
800 1808 922 1864 ecclesia
939 1807 1094 1878 parochiali
1111 1808 1147 1862 de
1164 1809 1276 1862 Water-

170 1899 276 1954 beche:
309 1897 415 1953 scilicet
439 1898 477 1952 ad
503 1898 614 1952 Pascha
640 1896 773 1952 vndecim
797 1896 914 1964 solidos,
936 1906 963 1950 et
988 1896 1025 1950 ad
1049 1895 1151 1950 festum
1178 1896 1276 1951 Sancti

171 1984 320 2041 Michaelis
342 1985 474 2040 vndecim
499 1985 624 2050 solidos;
655 1995 683 2038 et
707 1983 830 2038 vicarius
853 1983 941 2039 nichil
965 1983 1042 2038 aliud
1067 1996 1163 2054 petere
1188 1985 1276 2054 possit

168 2090 203 2127 ex
234 2090 321 2128 causa
350 2073 495 2144 predicta;
527 2074 564 2128 de
594 2071 782 2127 semientibus
811 2081 906 2126 autem
935 2072 1108 2127 secularibus
1137 2073 1275 2128 dictarum

168 2162 362 2232 religiosarum
392 2163 526 2217 continue
556 2162 629 2216 inira
658 2172 777 2231 portam,
805 2169 874 2231 puta
904 2161 931 2214 in
961 2161 1073 2230 celario,
1097 2161 1219 2232 coquina
1248 2173 1276 2216 et

169 2251 316 2317 similibus,
330 2261 358 2306 et
376 2268 433 2306 vno
452 2251 570 2305 custode
588 2249 717 2304 manerio
734 2249 878 2320 deputato,
892 2247 946 2302 nisi
962 2248 1066 2304 suerint
1084 2249 1120 2304 de
1142 2250 1278 2320 parochia

169 2339 205 2395 de
227 2339 423 2406 Waterbeche‚
443 2338 563 2394 vicarius
585 2337 672 2393 nichil
693 2338 787 2409 exigat
808 2355 860 2409 pro
885 2337 1081 2394 oblacionibus
1103 2339 1147 2394 vel
1168 2339 1277 2394 conses-

169 2425 305 2489 sionibus,
329 2426 382 2480 nisi
408 2443 442 2480 ex
466 2425 563 2494 gracia
588 2425 752 2490 abbatisse;
786 2424 822 2479 de
847 2424 1034 2481 seruientibus
1060 2435 1154 2482 autem
1179 2443 1276 2482 earum

169 2514 343 2570 secularibus
360 2525 440 2569 extra
456 2529 536 2570 suam
554 2523 665 2583 portam
678 2523 705 2568 et
718 2513 846 2568 clausum
859 2513 1063 2583 laborantibus,
1076 2524 1105 2569 vt
1119 2515 1146 2570 in
1160 2516 1276 2587 campis,

169 2602 266 2672 pratis,
286 2601 418 2671 pasturis,
438 2599 574 2671 piscariis,
595 2600 726 2670 marisco,
744 2609 773 2656 et
794 2599 857 2669 aliis
878 2600 948 2655 locis
967 2600 1039 2656 inira
1057 2603 1220 2673 parochiam
1241 2606 1277 2660 de

169 2691 366 2758 Waterbeche‚
389 2690 449 2744 siue
470 2690 573 2745 luerint
594 2690 759 2760 parochiani
780 2689 840 2744 siue
862 2691 996 2761 extranei,
1015 2693 1179 2749 ordinamus
1201 2694 1277 2764 quod

170 2780 256 2835 iidem
269 2780 424 2835 seruientes
436 2791 572 2850 perpetuo
582 2780 687 2834 saciant
697 2778 860 2834 oblaciones
873 2791 1024 2836 consuetas
1037 2782 1147 2837 matrici
1159 2782 1278 2838 ecclesie

169 2870 205 2924 de
218 2870 407 2925 Waterbeche
425 2871 526 2925 saltem
545 2881 646 2941 quater
662 2869 689 2922 in
708 2886 793 2934 anno,
806 2880 833 2925 et
853 2869 891 2923 ibi
909 2870 1065 2942 percipiant
1083 2871 1277 2927 ecclesiastica

169 2969 354 3026 sacramenta,
380 2976 414 3013 ac
439 2957 461 3012 si
488 2956 526 3013 ibi
551 2957 727 3013 decesserint
750 2967 778 3012 et
803 2957 871 3011 alibi
896 2959 1019 3013 debeant
1044 2959 1164 3030 sepeliri,
1185 2959 1278 3029 prima

169 3046 257 3102 missa
275 3063 339 3101 cum
356 3062 474 3116 corpore
491 3045 614 3114 presenti
632 3045 788 3100 celebretur
804 3045 833 3100 in
851 3045 912 3117 ipsa
928 3046 1058 3114 ecclesia,
1071 3057 1099 3102 et
1114 3048 1276 3103 oblaciones

169 3146 315 3191 morentur
339 3134 461 3200 ibidem;
493 3143 520 3189 et
543 3134 619 3205 quod
644 3134 791 3189 abbatissa
812 3145 839 3189 et
862 3151 1049 3206 sororesque
1075 3152 1126 3205 pro
1150 3145 1277 3206 tempore

169 3223 271 3278 fuerint
291 3223 400 3293 possint
419 3221 552 3293 compelli
571 3239 623 3292 per
640 3222 804 3294 episcopum
828 3223 979 3292 Elyensem
999 3233 1027 3278 et
1045 3223 1106 3279 eius
1128 3225 1276 3281 officialem

170 3313 247 3367 omni
267 3323 393 3382 tempore
411 3328 462 3381 pro
479 3309 579 3380 quauis
596 3326 717 3364 censura
734 3309 928 3366 ecclesiastica
946 3311 982 3366 de
1000 3311 1085 3381 plano
1104 3323 1131 3367 et
1151 3313 1211 3368 sine
1230 3313 1277 3368 lite

170 3401 206 3456 ad
232 3399 404 3455 solucionem
428 3398 547 3470 predicti
574 3415 676 3454 census
700 3398 787 3453 annui
813 3415 862 3453 seu
888 3399 1015 3454 redditus
1037 3399 1133 3470 viginti
1156 3402 1276 3457 duorum

169 3489 323 3546 solidorum
342 3488 397 3544 loci
416 3488 521 3543 vicario
540 3489 569 3542 in
588 3487 678 3543 lorma
697 3487 831 3558 predicta,
850 3505 907 3542 non
925 3489 1105 3545 obstantibus
1123 3489 1278 3561 priuilegijs

170 3577 242 3633 suis¹
258 3576 414 3648 impetratis
428 3575 472 3631 vel
489 3575 683 3646 impetrandis,
696 3576 799 3646 quibus
815 3578 911 3648 quoad
928 3578 1003 3633 hunc
1019 3589 1114 3634 actum
1131 3580 1278 3636 dumtaxat

170 3675 198 3723 et
209 3683 267 3721 non
280 3664 375 3720 aliter²
387 3663 546 3735 specialiter
558 3664 725 3719 renunciant
738 3673 766 3718 et
776 3680 914 3735 expresse.

224 3755 397 3811 ordinamus
418 3754 494 3824 quod
517 3753 642 3824 predicte
663 3753 795 3824 religiose
813 3755 969 3810 seruientes
988 3773 1055 3811 suos
1074 3758 1214 3813 seculares
1232 3759 1277 3815 vel

170 3843 263 3897 aliena
289 3841 422 3897 animalia
447 3859 496 3897 seu
525 3859 621 3896 eorum
650 3841 772 3896 exitum³
800 3858 945 3912 nunquam
970 3853 1118 3913 protegent
1147 3861 1199 3900 nec
1229 3846 1275 3900 de·

169 3931 285 3987 lendent
298 3949 347 3986 seu
361 3930 475 3986 defendi
489 3930 651 4002 permittent
665 3930 693 3984 in
706 3929 802 4001 aliquo
815 3941 914 3986 contra
926 3931 1137 3988 ordinacionem
1150 3943 1276 3989 nostram

169 4020 335 4092 predictam.

224 4110 349 4164 Priorem
361 4119 456 4164 autem
469 4119 497 4163 et
507 4109 686 4163 Conuentum
700 4108 736 4163 de
750 4108 919 4162 Bemewelle
928 4119 956 4164 et
966 4125 1063 4163 eorum
1073 4111 1276 4167 monasterium

169 4198 306 4270 perhanc
319 4207 445 4252 nostram
458 4197 673 4252 ordinacionem
691 4196 719 4250 in
736 4198 812 4251 nullo
828 4195 883 4250 ledi
900 4198 1038 4263 uolumus,
1053 4199 1104 4254 sed
1120 4199 1149 4254 in
1166 4200 1277 4256 decima

169 4289 320 4358 garbarum
334 4297 362 4342 et
375 4287 440 4356 seni,
454 4295 567 4360 pasture
580 4295 608 4341 et
620 4285 692 4356 alijs,
702 4285 788 4340 libere
800 4295 828 4341 et
842 4286 924 4356 plene
935 4286 1091 4357 percipiant
1104 4288 1176 4342 sicut
1189 4299 1263 4346 ante.

237 4426 243 4458 ¹
261 4429 311 4478 suis
322 4429 421 4494 quibus,
437 4430 494 4480 MS,
650 4429 662 4460 ²
677 4429 763 4488 alium,
777 4429 835 4482 MS·
1000 4429 1010 4460 ³
1027 4431 1140 4490 emitum,
1154 4433 1210 4486 lllS.
