3212 5064
176 396 210 498 1]
391 399 452 471 tle
469 383 682 495 provisions
707 396 756 491 os
776 397 924 470 Gz'lbert
948 396 1067 470 Peche
1238 417 1283 490 53

174 583 286 638 Pecche
307 599 342 637 ex
363 582 461 652 altera,
482 582 520 638 ad
541 581 659 638 modum
680 580 849 652 cyrographi
875 579 1041 648 conlectas¹‚
1064 579 1236 650 inspeximus
1257 577 1285 634 in

172 671 227 726 hec
245 671 341 727 uerba.

228 757 369 814 Omnibus
393 759 446 814 has
470 757 577 814 litteras
601 757 771 830 inspecturis
796 757 939 816 Gilbertus
969 757 1079 814 Pecche
1109 758 1228 813 salutem
1256 755 1284 810 in

171 846 290 902 domino
311 846 521 918 sempiternam.
567 847 688 903 Nouerit
709 847 879 903 uniuersitas
901 859 996 904 uestra
1019 864 1066 903 me
1090 846 1128 901 ad
1150 843 1285 901 dilucida·

171 931 285 989 cionem
304 932 371 989 iuris
390 943 556 1004 patronatus
575 943 627 988 etc.
665 933 800 990 Testibus
819 945 871 990 etc.

228 1022 291 1076 Nos
302 1031 407 1090 autem,
421 1038 593 1078 consensum
605 1032 633 1078 et
646 1021 860 1078 concessionem
873 1021 1014 1094 predictas
1027 1022 1094 1077 hinc
1111 1020 1178 1076 inde
1194 1021 1285 1075 iactas

171 1117 364 1180 acceptantes,
377 1126 427 1165 eas
439 1127 490 1180 pro
503 1110 587 1166 nobis
599 1120 628 1166 et
640 1110 792 1167 heredibus
809 1110 922 1178 nostris,
934 1119 1072 1182 quantum
1090 1109 1118 1164 in
1136 1108 1219 1165 nobis
1231 1119 1285 1176 est,

171 1198 356 1255 concedimus
364 1209 392 1254 et
400 1199 600 1255 confirmamus
608 1199 680 1256 sicut
688 1198 779 1256 littere
787 1197 1129 1270 predicteracionabiliter
1137 1207 1284 1268 testantur,

170 1287 299 1342 volentes
317 1296 345 1341 et
362 1286 552 1343 concedentes
569 1286 720 1358 pronubis
737 1297 766 1343 et
784 1287 936 1344 heredibus
954 1285 1059 1343 nostris
1076 1287 1153 1358 quod
1170 1302 1222 1342 nos
1234 1302 1284 1341 seu

170 1373 290 1431 heredes
302 1375 391 1431 nostri
405 1373 433 1430 in
452 1373 580 1430 Prioratu
597 1374 725 1446 predicto
743 1391 792 1430 seu
810 1374 940 1431 custodia
956 1374 1086 1431 eiusdem
1104 1373 1191 1429 nichil
1208 1373 1284 1428 aliud

170 1463 279 1518 babere
298 1462 342 1517 vel
360 1460 511 1518 vendicare
529 1463 683 1534 poterimus
702 1461 731 1518 in
749 1461 874 1518 futurum
895 1480 982 1533 quarn
1001 1462 1031 1518 in
1053 1462 1151 1518 litteris
1168 1473 1195 1518 et
1217 1479 1283 1518 con·

171 1549 337 1606 firmatione
357 1549 492 1621 predictis
510 1548 678 1605 continetur.

228 1637 262 1691 ln
274 1637 354 1693 cuins
365 1637 406 1693 rei
422 1636 617 1694 testimonium
628 1638 682 1693 bas
694 1636 802 1694 litteras
815 1648 928 1694 nostras
941 1637 1000 1693 lieri
1013 1637 1133 1693 fecimus
1145 1647 1282 1708 patentes

170 1727 259 1782 Teste
282 1727 393 1798 meipso
417 1727 494 1797 apud
522 1725 809 1782 Westmonasterium
834 1726 1002 1782 duodecimo
1027 1725 1074 1783 die
1099 1725 1169 1796 Maij
1197 1727 1282 1781 Anno

170 1813 252 1885 regni
270 1814 359 1871 nostri
378 1815 466 1871 tercio
485 1813 620 1872 decimo².
660 1815 794 1871 lrestede.

264 1994 313 2060 29.
360 1975 455 2058 Quid
472 1977 642 2043 aduocaczh
663 1978 783 2044 ecclesie
804 1978 843 2044 de
865 1977 1062 2044 Bernewelle
1083 1977 1193 2044 valeat

491 2083 621 2149 domim
642 2085 730 2170 Regi
742 2096 806 2168 per
826 2105 959 2150 anitum.

226 2212 270 2266 W.
295 2211 331 2267 de
358 2213 519 2282 Karletone,
541 2213 647 2270 dilecto
671 2215 764 2270 amico
789 2231 840 2270 suo
864 2215 1023 2270 vicecomiti
1050 2212 1230 2284 Cantebrigie
1254 2223 1282 2269 et
1296 2209 1422 2302 gffifhsss

174 2299 347 2357 lluntedone
371 2301 500 2356 salutem
551 2303 595 2357 Ex
619 2313 699 2373 parte
724 2304 832 2358 domini
859 2302 946 2372 Regis
971 2301 1052 2357 vobis
1076 2303 1182 2357 mando
1206 2301 1283 2372 quod
1296 2309 1443 2360 camertem

171 2387 268 2443 uenire
280 2387 390 2443 faciatis
403 2405 499 2444 coram
516 2406 563 2447 me
575 2391 630 2445 bac
643 2389 759 2445 instanti
774 2389 821 2446 die
833 2389 944 2445 veneris
957 2389 986 2444 in
1001 2389 1161 2462 septimana
1175 2389 1283 2444 Pasche
1295 2360 1429 2462 iffi?

170 2476 248 2546 apud
265 2474 476 2546 Cantebrigiam
493 2475 540 2546 xii,
553 2487 613 2532 tam
630 2475 734 2533 milites
750 2477 847 2548 gladio
863 2475 980 2544 cinctos,
993 2493 1079 2548 quam
1094 2476 1165 2532 alios
1178 2477 1283 2548 probos
1296 2461 1443 2562 :ffissg‘d

170 2569 201 2617 et
218 2561 323 2631 legales
341 2559 471 2618 homines
490 2562 527 2619 de
545 2564 656 2618 visneto
674 2563 711 2620 de
734 2564 914 2632 Bemewelle,
934 2565 971 2618 ad
992 2564 1147 2620 taxandum
1168 2563 1237 2633 quid
1255 2573 1284 2619 et
1296 2560 1448 2652 :ffiffi

169 2660 309 2721 quantum
333 2649 488 2706 aduocacio
511 2651 632 2707 ecclesie
653 2653 689 2708 de
716 2653 888 2709 Bemewelle
911 2653 1006 2708 ualeat
1026 2668 1078 2722 per
1101 2669 1227 2716 annum;
1256 2661 1284 2707 et
1296 2661 1447 2710 advenum

170 2737 301 2794 habeatis
317 2737 356 2794 ibi
376 2739 462 2795 breue
478 2739 587 2795 domini
607 2741 703 2810 Regis,
716 2757 773 2796 vna
787 2758 853 2796 curn
872 2739 1035 2796 nominibus
1052 2749 1237 2807 extentorum,
1254 2749 1283 2796 et
1296 2711 1346 2803 {1¹1²}
1348 2712 1431 2812 1225.

171 2827 228 2883 hoc
246 2826 341 2884 breue.
377 2828 485 2884 Valete.
1296 2811 1428 2905 &orgaz-mog

1296 2912 1348 2954 tlon
1358 2923 1423 2954 were

237 2949 296 3014 Ad
326 2951 414 3017 hunc
444 2971 524 3035 ergo
551 2951 641 3016 diern
672 2951 818 3030 ueniens,
845 2953 957 3036 palam
988 2971 1101 3015 coram
1129 2951 1426 3056 Omnibusfflgffl’d

172 3054 259 3120 lecta
280 3054 343 3119 suit
365 3065 458 3120 carta
478 3054 607 3119 domini
628 3055 732 3139 Regis
752 3076 812 3139 per
830 3075 933 3139 quarn
953 3053 1166 3120 confirmauit
1188 3056 1284 3122 nobis
1296 3064 1441 3156 ffigvffiff

171 3171 299 3226 statum
320 3181 421 3244 quern
445 3161 624 3226 habuimus
649 3164 692 3228 de
716 3161 855 3227 domino
880 3160 1061 3245 G[ilberto]
1087 3161 1215 3226 Pecche
1241 3162 1417 3257 deggfgfled·

172 3266 398 3330 aduocacione
421 3267 560 3331 ecclesie
584 3277 706 3346 nostre,
730 3268 828 3332 etde
852 3277 1005 3350 ternpore
1027 3267 1226 3343 vocacionis,
1250 3276 1285 3331 et

171 3369 309 3435 vlterius
331 3371 430 3435 nichil
453 3371 598 3455 quesiuit
610 3393 619 3452 ;
642 3373 701 3438 sed
724 3373 962 3456 transcriptum
987 3372 1090 3454 ipsius
1110 3380 1202 3436 carte
1221 3371 1284 3435 sibi

172 3475 311 3540 retinnit
333 3475 376 3540 ad
399 3476 490 3540 curie
513 3474 740 3541 deserendum.

236 3672 288 3738 30.
330 3655 384 3722 De
413 3655 573 3722 Willelmo
594 3656 745 3722 Bastard
762 3667 795 3722 et
814 3658 924 3722 ceteris
947 3657 1075 3742 regibus
1095 3657 1226 3742 Anglie.
1298 3674 1362 3725 trs

238 3789 339 3853 Multi
360 3789 495 3854 luerunt
516 3809 610 3873 reges
632 3789 665 3853 in
682 3788 809 3874 Anglia
828 3798 908 3853 ante
926 3789 1160 3872 expulsionem
1178 3789 1286 3853 Brito·

171 3913 254 3958 num
270 3905 304 3958 et
319 3903 409 3978 post;
425 3914 519 3978 reges
534 3893 671 3977 quidem
687 3904 852 3977 potentes,
863 3893 1022 3972 bellicosi,
1034 3895 1135 3958 armis
1150 3896 1286 3970 strenui,

171 4018 254 4062 auro
268 4008 410 4082 argento
430 4009 465 4063 et
485 3997 654 4082 lapidibus
670 3999 827 4082 preciosis
846 3999 954 4074 ditati,
969 4008 1012 4074 et,
1026 3998 1119 4081 quod
1135 3998 1210 4081 plus
1226 4008 1286 4076 est,

173 4101 208 4166 in
231 4101 298 4168 fide
321 4103 488 4168 catholica
510 4102 635 4180 deuoti,
653 4112 732 4167 anto
754 4123 856 4186 quarn
873 4102 1062 4166 Willelmus
1087 4102 1228 4168 Bastard
1252 4103 1285 4165 in

173 4207 303 4290 Regem
316 4207 444 4290 Anglie
455 4217 677 4272 coronaretur.
716 4207 784 4273 Sed
794 4207 874 4290 quia
888 4208 919 4271 in
930 4208 1028 4271 huius
1039 4207 1112 4272 libri
1122 4207 1286 4290 principio

172 4309 213 4376 fit
222 4295 265 4376 de
274 4331 315 4375 eo
326 4311 466 4389 mencio,
476 4311 580 4377 vitam
592 4313 663 4376 eius
672 4321 707 4376 et
719 4331 837 4389 mores,
849 4321 883 4376 et
894 4311 1044 4375 omnium
1057 4329 1285 4375 successorum

271 4447 278 4478 ¹
297 4451 347 4500 See
358 4448 447 4506 above,
460 4449 542 4514 Chap.
556 4465 596 4511 24.
761 4446 772 4478 ¹
789 4449 847 4500 Rot.
864 4449 918 4500 Pal.
936 4464 964 4512 13
978 4449 1051 4499 Edw.
1065 4449 1086 4498 1.
1099 4465 1132 4498 m.
1148 4463 1187 4497 er.
