3192 5102
101 392 182 496 vn]
412 395 539 494 Odsey,
568 397 730 483 Pincote,
768 397 804 470 T
798 395 920 471 adlow
1141 421 1187 490 29
1191 422 1211 492 3

428 715 473 780 15.
520 699 713 783 [Oddcsethe
735 701 893 785 (Odsey).]

171 847 224 912 De
240 848 377 912 decimis
392 849 435 912 de
452 847 646 914 Oddesethe
661 870 761 914 vnam
778 871 933 914 marcam.

171 955 225 1018 De
241 955 361 1020 vicaria
376 957 419 1020 de
436 955 601 1020 Mordone
616 977 678 1040 pro
693 957 853 1038 pensione
868 976 968 1020 vnam
986 977 1141 1020 marcam.

172 1057 225 1122 De
243 1059 380 1122 decimis
402 1059 583 1122 molendini
605 1060 648 1123 de
669 1058 835 1124 Mordone
855 1058 896 1141 .ij.
920 1059 1045 1122 solidos
1067 1057 1117 1141 .vj.
1139 1057 1211 1143 [de-

100 1162 237 1250 narios],
252 1172 286 1227 et
301 1183 363 1246 pro
377 1163 494 1226 hulmo
508 1163 605 1245 .iiij.d.

173 1265 225 1329 De
241 1265 358 1329 eadem
374 1266 497 1330 vicaria
513 1286 573 1348 pro
589 1268 735 1348 quadam
751 1266 854 1330 domo
869 1286 928 1349 per
943 1287 1068 1330 annum
1084 1266 1175 1350 .iiij.s.

172 1369 217 1433 Et
240 1369 411 1433 sciendum
434 1378 487 1433 est
509 1371 598 1451 quod
622 1389 740 1433 omnes
763 1369 904 1452 predicti
928 1371 1210 1454 consuetudinarij

101 1475 231 1542 debent
260 1476 340 1541 dare
369 1495 559 1559 gersumam
590 1495 652 1559 pro
682 1474 813 1539 filiabus
842 1476 911 1540 suis
943 1476 1149 1554 maritandis,
1178 1485 1214 1541 et

101 1581 258 1645 talliandi
281 1590 360 1644 sunt
383 1581 425 1644 ad
450 1580 657 1645 voluntatem
683 1580 810 1644 Prioris.

215 1685 357 1751 Summa
372 1684 435 1766 .iiij.
452 1684 534 1748 libre
550 1683 640 1766 ‚xiiij.
656 1684 754 1748 solidi
770 1684 845 1768 .viij.
859 1685 995 1749 denarii.

216 1791 357 1857 Summa
377 1790 490 1854 totalis
507 1789 613 1854 tocius
630 1789 780 1854 redditus
796 1789 936 1871 predicti
951 1788 1016 1872 .iiij.
1033 1788 1116 1853 libre
1131 1789 1212 1854 .xix.

279 1894 376 1958 solidi
399 1893 473 1976 .viij.
496 1893 632 1956 denarii.

215 1999 356 2064 Summa
370 2017 537 2080 caponum
554 2007 588 2061 et
606 1997 807 2081 gallinamm
828 1997 937 2081 ,xxij.¹
983 1999 1029 2063 Et
1049 1999 1215 2083 quolibet·

278 2102 426 2168 secundo
448 2122 538 2166 anno
559 2102 654 2186 .xxjj.

216 2211 357 2275 Summa
372 2228 512 2272 ouorum
528 2229 646 2272 .xxxv.
662 2208 774 2291 precio
791 2209 819 2292 .j.
835 2207 972 2291 denarij.

173 2315 218 2378 Et
244 2314 416 2377 sciendum
440 2313 604 2395 estquod
630 2312 722 2375 Prior
743 2321 777 2376 et
800 2321 985 2376 conuentus
1009 2313 1108 2376 nichil
1131 2313 1214 2376 dant

104 2417 204 2483 alicui
235 2436 294 2499 per
324 2434 449 2478 annum
475 2433 537 2496 pro
566 2415 733 2498 predictis,
762 2425 814 2480 set
831 2414 1002 2499 uquicquid
1027 2415 1153 2480 habent
1180 2417 1213 2480 in

107 2523 274 2588 Mordone
296 2528 348 2583 est
370 2539 454 2603 pura
476 2529 511 2583 et
533 2529 695 2602 perpetua
717 2519 906 2586 elemosina

172 2625 472 2711 [Gyldenmordon.
519 2624 688 2689 Tenentes
719 2626 840 2689 Prioris
870 2626 913 2689 de
944 2625 1146 2690 Bernewelle
1172 2629 1214 2692 de
1229 2660 1328 2702 1441-42

107 2731 207 2797 feodo
237 2731 279 2795 de
307 2729 543 2793 Bokesworthe
570 2728 695 2793 ibidem
726 2749 815 2794 anno
846 2751 914 2794 .xx.
947 2730 1049 2814 Regis
1076 2731 1214 2796 Henrici

108 2838 206 2902 sexti.
258 2835 422 2900 Ricardus
440 2835 547 2918 Peryn
564 2855 624 2916 per
643 2855 769 2898 annum
785 2833 889 2917 .xiij.s.
902 2833 998 2916 .iiij.d.
1047 2836 1215 2901 Robertus

109 2942 252 3024 Morgon
269 2960 329 3022 per
347 2958 473 3003 annum
490 2959 552 3002 .vs.
600 2935 766 3002 Henricus
788 2939 905 3002 Earles
923 2959 1123 3022 perannum
1139 2939 1214 3023 .vjs.

108 3047 214 3132 .viij.d.
253 3043 453 3128 Wyllelmus
469 3043 588 3109 Somer
603 3064 663 3128 per
677 3062 802 3107 annum
818 3064 881 3108 .vs.
923 3042 1065 3108 Summa
1080 3045 1214 3131 xxxa]

236 3287 282 3352 16.
329 3286 497 3370 [Pynecote
518 3282 691 3364 (Finem),
718 3283 749 3346 T
746 3282 886 3346 adelowe
907 3281 959 3364 (T
955 3279 1100 3365 adlow).]

175 3434 236 3498 Isti
256 3443 334 3498 sunt
357 3441 509 3497 tenentes
531 3431 651 3495 Prioris
671 3429 714 3495 de
731 3428 932 3493 Bernewelle
948 3429 981 3493 in
1000 3430 1168 3512 Pynecote
1183 3436 1217 3492 et
1230 3437 1332 3501 l.165b

110 3555 289 3619 Tadelowe
302 3578 308 3617 :

174 3698 362 3762 Willelmus
399 3697 442 3761 de
480 3695 662 3760 Assewelle
700 3696 732 3758 in
772 3695 951 3760 Tadelowe
989 3703 1081 3759 tenet
1116 3713 1217 3758 vnam

110 3803 261 3879 crustam,
277 3815 311 3867 et
327 3804 436 3868 reddit
452 3803 530 3866 inde
551 3823 610 3884 per
625 3821 750 3866 annum
767 3801 832 3883 .iiij.
848 3799 973 3865 solidos
990 3799 1018 3883 .j.
1034 3800 1217 3865 denarium.

176 3907 347 3990 Johannes
371 3906 529 3970 Bercator
550 3914 644 3970 tenet
666 3906 814 3988 quinque
837 3925 930 3969 acras
951 3915 1036 3968 terre
1055 3904 1098 3969 de
1120 3903 1219 3968 feodo

115 4015 270 4098 Hugonls
290 4013 398 4077 clerici
420 4033 479 4096 per
499 4011 702 4094 homagium,
720 4021 755 4075 et
778 4011 888 4075 reddit
911 4011 999 4075 inde·
1012 4031 1071 4094 per
1093 4029 1218 4075 annum

110 4143 150 4186 .v.
172 4117 335 4183 denarios.

179 4224 271 4287 Prior
285 4225 328 4286 de
345 4221 580 4288 Cbikesaunde
596 4221 628 4284 in
646 4220 825 4285 Tadelowe
841 4222 942 4286 debet
963 4219 1102 4304 singulis
1124 4219 1219 4284 annis

114 4351 174 4415 pro
189 4327 326 4391 decimis
343 4327 407 4390 leni
424 4337 457 4390 et
474 4323 655 4388 molendini
672 4325 820 4408 quinque
835 4325 968 4387 solidos.

386 4479 391 4510 ¹
412 4480 472 4544 xxj„
488 4481 543 4531 lllS.
710 4479 721 4509 ²
737 4481 875 4545 quodlibet,
890 4481 948 4532 MS.
