3212 5064
779 339 993 415 Chesterton
1318 333 1436 434 [soon

640 614 667 678 3.
714 595 817 664 Carta
838 597 941 680 Regis
957 594 1130 681 Johannis.

168 747 307 852 {milri}
383 747 528 818 J⁰h³¹¹¹¹e⁵
543 746 627 818 [ete]
666 748 769 805 Sciatis
789 766 842 804 nos
862 748 1036 804 concessisse
1051 758 1079 803 et
1100 745 1223 818 presenti
1241 753 1319 799 carta
1340 750 1437 797 nostra

167 849 279 904 ηΑρήι,
331 835 514 892 continuasse
532 837 619 892 Priori
639 849 667 893 et
684 837 828 894 canonicis
847 839 883 894 de
902 837 1073 894 Bemewelle
1085 836 1162 909 quod
1179 845 1294 890 teneant
1306 833 1342 888 de
1354 829 1436 886 nobis

166 911 284 1042 §ristun
330 935 359 979 et
370 925 522 982 heredibus
535 927 637 982 nostris
647 928 841 999 inperpetuum
852 928 947 982 villam
956 927 992 982 de
1003 928 1168 982 Cestertone
1181 941 1245 980 cunr
1258 919 1437 994 pertinencijs

168 999 389 1093 cffeffioffsuis
413 1016 450 1069 ad
475 1014 549 1070 leodi
577 1016 688 1072 firmam
716 1034 767 1088 pro
796 1017 910 1088 triginta
938 1016 1016 1071 libris
1045 1013 1243 1084 sterlingorum
1271 1011 1437 1066 blancorum

167 1100 254 1201 ῗηξὶξγ
263 1150 288 1192 tn
331 1105 476 1160 annuatim
495 1106 647 1160 reddendis
664 1106 702 1160 ad
719 1105 892 1162 scaccarium
916 1106 954 1160 ad
973 1106 1043 1160 duos
1068 1104 1135 1159 anni
1155 1103 1309 1158 terminos:
1331 1098 1436 1154 scilicet

168 1201 206 1244 tec
217 1201 289 1244 sarm.
331 1193 369 1248 ad
380 1193 484 1250 festum
497 1195 588 1250 sancti
603 1195 752 1251 Michaelis
766 1195 927 1268 quindecim
946 1195 1040 1262 libras,
1053 1203 1081 1248 et
1097 1192 1136 1247 ad
1151 1191 1262 1247 Pascha
1275 1187 1437 1260 quindecim

331 1281 426 1350 libras,
439 1281 480 1337 ita
491 1282 568 1353 quod
581 1301 633 1338 nos
646 1283 734 1355 quieti
752 1285 840 1340 simus
853 1283 889 1340 de
902 1283 1000 1339 decem
1014 1281 1092 1337 libris
1107 1278 1216 1351 argenti
1232 1280 1269 1335 de
1283 1275 1437 1334 elemosina

331 1381 428 1426 nostra
440 1387 526 1441 quam
538 1371 580 1426 eis
592 1371 739 1426 annuatim
751 1371 859 1426 soluere
872 1371 1017 1426 debemus.

386 1459 480 1529 Quare
499 1459 629 1515 uolumus
648 1471 676 1516 et
694 1459 812 1515 firmiter
827 1459 997 1531 precipimus
1018 1457 1094 1530 quod
1113 1454 1230 1528 predicti
1249 1452 1329 1510 Prior
1346 1463 1375 1507 et
1391 1469 1437 1508 ca·

332 1545 425 1602 nonici
436 1548 561 1603 habeant
572 1560 600 1604 et
608 1559 722 1604 teneant
731 1547 886 1619 predictam
897 1549 1000 1602 willam
1012 1547 1075 1617 (tic)
1087 1548 1123 1602 de
1137 1547 1302 1602 Cestertone
1314 1545 1394 1610 bene,
1408 1551 1437 1597 et

332 1635 360 1690 in
377 1653 454 1706 pace,
469 1636 555 1692 libere
571 1647 599 1692 et
616 1637 718 1708 quiete,
731 1638 847 1708 integre,
860 1638 992 1708 plenarie,
1006 1649 1033 1692 et
1050 1635 1212 1701 honorifice,
1225 1649 1290 1688 cum
1305 1631 1437 1688 omnibus

232 1723 249 1772 f·
263 1723 319 1773 t6b
332 1726 507 1782 libertatibus
520 1738 547 1783 et
560 1727 655 1784 liberis
668 1727 920 1784 consuetudinibus
933 1728 991 1783 suis
1004 1727 1076 1782 sicut
1088 1723 1246 1796 predictum
1259 1731 1309 1778 est.
1347 1719 1437 1776 Testi-

331 1816 417 1871 bus...
457 1818 533 1873 Data
554 1835 605 1889 per
629 1835 730 1873 manus
756 1819 784 1874 S.
804 1815 1005 1873 Archidiaconi
1023 1815 1176 1872 Wellensis
1201 1823 1229 1867 et
1249 1814 1274 1883 J.
1300 1812 1336 1867 de
1361 1813 1438 1880 Gray

332 1904 531 1961 Archidiaconi
562 1905 794 1962 Glowcestrensis
824 1905 900 1976 apud
932 1905 1244 1970 Porcestre.xx⁰vrj⁰.
1258 1901 1305 1958 die
1333 1899 1438 1972 Aprilis

333 1993 426 2063 Regni
446 1995 532 2049 nostri
552 2012 628 2050 anno
646 1993 745 2066 primo.

331 2175 360 2236 4
406 2156 458 2221 De
476 2157 774 2242 confirmacionibus
794 2157 896 2242 Regis
915 2157 1057 2223 chrt'ci
1074 2169 1107 2223 et
1124 2156 1228 2242 Regis
1245 2153 1437 2219 Eadwardi.

398 2303 451 2367 De
476 2303 623 2368 Henrico
647 2304 742 2388 Rege
764 2304 833 2368 filio
857 2304 961 2388 Regis
982 2303 1146 2386 Johannis
1169 2303 1332 2367 habemus
1353 2301 1438 2364 duas

331 2418 441 2472 cartas
473 2407 759 2475 confirmacionis:
797 2410 924 2474 scilicet
954 2430 1015 2493 pro
1046 2414 1137 2472 xxx*
1166 2407 1258 2472 libris
1288 2405 1438 2472 blanchis

332 2528 470 2578 ,xxx1.
488 2514 579 2579 libris
610 2537 757 2580 numero.
807 2517 861 2580 De
893 2516 987 2600 Rege
1015 2515 1206 2579 Eadwardo
1236 2511 1304 2576 filio
1336 2510 1439 2594 Regis

335 2621 472 2686 Henrici
509 2621 672 2687 habemus
710 2633 836 2687 cartam
878 2621 1142 2687 confirmacionis
1184 2640 1248 2705 que
1289 2617 1439 2682 continet

332 2736 483 2791 tenorem
506 2727 691 2810 patrissui,
714 2727 790 2792 sic:

573 2897 598 2964 5.
647 2881 859 2969 Confirmatio
881 2882 984 2967 Reges
1005 2881 1200 2946 Eadwardt'.

169 3034 272 3077 enarrer
282 3032 309 3074 or
386 3028 561 3084 Eadwardus
582 3027 637 3083 Dei
657 3028 753 3099 gracia
772 3039 824 3084 etc.
864 3027 1042 3098 Inspexirnus
1066 3037 1174 3082 cartam
1199 3025 1390 3082 concessionis
1411 3033 1439 3079 et

168 3083 317 3184 hhihihin'
332 3116 558 3172 confirmacionis
576 3133 662 3186 quam
679 3116 812 3172 dominus
832 3116 973 3172 Henricus
991 3117 1136 3186 quondam
1160 3117 1220 3170 Rex
1239 3113 1341 3182 Anglie
1360 3122 1440 3183 pater

168 3185 308 3276 fflfiffl’ss'
332 3215 428 3260 noster
440 3205 506 3259 iecit
519 3203 607 3259 Priori
621 3214 649 3259 et
661 3205 806 3260 canonicis
818 3204 854 3258 de
869 3204 1040 3259 Bernewelle
1054 3203 1083 3257 in
1096 3203 1149 3258 hec
1161 3202 1247 3258 verba
1260 3220 1266 3256 :

169 3245 316 3375 ciffis?
387 3291 527 3346 hienricus
547 3288 633 3362 [etc].
671 3291 772 3346 Sciatis
793 3309 845 3346 nos
865 3289 1040 3346 concessisse
1058 3301 1086 3345 et
1105 3289 1227 3362 presenti
1246 3298 1325 3344 carta
1343 3298 1441 3342 nostra

166 3335 285 3476 {iffi}
332 3379 515 3437 confirmasse
544 3379 632 3434 Priori
664 3389 692 3434 et
720 3378 866 3435 canonicis
898 3380 934 3434 de
967 3379 1137 3433 Bemeweile
1166 3377 1243 3447 quod
1271 3376 1368 3431 villam
1403 3375 1439 3430 de

170 3483 299 3534 nmenby
333 3471 499 3524 Cestertone
515 3485 580 3523 cunr
593 3468 774 3538 pertinenciis
791 3469 849 3524 suis
866 3485 951 3539 quam
969 3467 1101 3524 dominus
1117 3467 1263 3537 Johannes
1282 3467 1342 3522 Rex
1360 3473 1441 3536 pater

170 3533 279 3686 {2⁸53ae
290 3533 310 3574 ¹·
333 3569 429 3614 noster
446 3557 488 3614 eis
506 3566 685 3612 concesserat
702 3567 731 3612 et
749 3567 828 3611 carta
846 3574 896 3613 sua
914 3557 1092 3612 confirmauit
1111 3556 1148 3609 ad
1168 3554 1243 3609 feodi
1260 3555 1370 3608 firmam
1388 3571 1440 3625 pro

171 3647 180 3676 ¹
222 3665 227 3676 ·
333 3647 449 3719 triginta
467 3646 546 3702 libris
566 3645 763 3716 sterlingorum
782 3647 947 3702 blancorum
967 3646 1114 3700 annuatim
1134 3645 1285 3700 reddendis
1307 3646 1344 3698 ad
1363 3661 1440 3700 scac-

333 3737 439 3793 carium
453 3746 580 3791 nostrum
593 3735 716 3791 habeant
729 3746 758 3789 et
770 3745 884 3790 teneant
897 3735 933 3790 de
945 3744 1039 3790 cetero
1051 3734 1092 3789 sic
1105 3734 1140 3788 de
1153 3733 1235 3788 nobis
1248 3743 1276 3789 et
1288 3733 1439 3789 heredibus

333 3827 437 3882 nostris
454 3825 491 3879 ad
508 3824 583 3880 leodi
601 3822 711 3879 firmam
728 3842 779 3896 pro
797 3825 911 3894 triginta
927 3842 983 3880 vna
1000 3823 1077 3879 libris
1090 3841 1207 3879 numero
1220 3823 1389 3879 reddendis¹
1402 3824 1440 3878 ad

334 3915 507 3970 scaccarium
525 3923 653 3967 nostrum
671 3914 709 3967 ad
727 3912 798 3967 duos
817 3913 951 3968 terminos
970 3911 1077 3968 scilicet
1095 3911 1132 3967 ad
1151 3912 1261 3966 Pascha
1277 3911 1440 3982 quindecim

333 4003 419 4057 libras
440 4012 468 4057 et
489 4001 589 4057 decem
611 4000 725 4064 solidos,
751 4002 838 4055 etad
862 4001 965 4056 testum
987 4000 1078 4055 sancti
1104 3999 1253 4056 Michaelis
1277 3999 1439 4071 quindecim

334 4092 419 4147 libras
437 4103 466 4146 et
484 4091 582 4145 decem
602 4091 715 4146 solidos.

388 4181 433 4234 lta
444 4179 519 4250 quod
537 4195 589 4232 nos
606 4188 635 4232 et
652 4178 769 4233 heredes
783 4177 870 4233 nostri
884 4179 1020 4249 perhanc
1032 4178 1246 4235 concessionem
1259 4187 1385 4234 nostram
1398 4179 1440 4233 eis

332 4268 438 4324 iactam
466 4267 553 4339 quieti
583 4266 688 4321 erimus
716 4267 913 4338 inperpetuum
944 4266 980 4322 de
1004 4267 1101 4322 decem
1127 4266 1206 4320 libris
1231 4267 1339 4336 argenti
1368 4284 1439 4337 quas

675 4385 685 4418 ¹
701 4387 766 4438 libra
777 4403 880 4438 numero
891 4387 1024 4449 reddend’,
1039 4387 1096 4438 MS.
