3212 5064
163 371 195 471 1]
467 370 595 446 Deatlz
621 370 670 468 cys
689 369 793 444 Pain
821 369 979 442 Peuerel
1225 383 1274 458 47

161 581 249 642 quas
265 579 285 623 a
302 557 490 642 patriarcha
505 566 540 622 et
551 577 628 640 rege
640 565 674 622 et
690 556 904 639 magnatibus
917 553 1004 619 illius
1019 563 1104 618 terre
1120 555 1276 636 impetra-

163 673 268 740 uerat,
305 673 480 746 tamquam
517 683 615 727 uerus
653 671 812 745 patronus
850 671 884 724 et
919 661 1066 724 scincera
1099 657 1278 723 dilectione

164 769 285 851 plenus
301 767 425 832 deuote
440 766 604 848 deposuit,
620 776 655 830 et
670 767 776 830 multa
792 765 858 829 alia
872 767 962 830 bona
978 765 1058 848 ipsis
1073 763 1278 839 contulisset,

163 880 197 935 et
216 871 390 934 ecclesiam
406 890 521 934 eorum
538 889 615 933 cum
632 870 750 933 ceteris
769 867 909 932 officinis
930 867 1062 950 egregie
1079 865 1278 952 perfecisset,

164 975 192 1038 si
209 995 285 1039 eum
302 975 459 1039 dominus
475 975 605 1039 diucius
621 974 733 1039 uiuere
749 973 961 1056 permisisset„

429 1173 478 1222 20.
523 1156 576 1220 De
598 1166 699 1220 mom
719 1156 856 1239 Pagani
874 1156 1017 1220 Peuerel.

236 1311 502 1394 Uerumptamen
525 1320 705 1395 antequam
728 1312 936 1395 propositum
958 1330 1055 1374 suum
1078 1311 1120 1373 de
1141 1309 1278 1392 triginta
1293 1311 1442 1403 mels&

168 1417 337 1480 canonicis
364 1416 606 1480 constituendis
633 1416 843 1499 complesset,
874 1415 926 1480 uel
958 1415 1176 1480 sufficientem
1208 1435 1278 1478 sus·
1292 1411 1412 1513 ξξῧξὲξξζ

167 1520 392 1583 tentacionem
424 1519 472 1582 eis
503 1519 712 1602 prouidisset,
743 1540 762 1583 a
792 1520 1011 1584 translatione
1041 1521 1277 1583 canonicorum
1292 1511 1443 1605 {ggffif‘

166 1623 330 1687 decennio
361 1623 511 1686 nondum
543 1624 691 1698 decurso,
724 1623 866 1687 London
900 1623 990 1686 febre
1020 1632 1191 1705 correptus
1218 1613 1370 1705 mi-{lllssss

167 1727 276 1810 grauit
297 1727 340 1790 ad
363 1727 546 1798 dominum,
565 1725 871 1809 Bemewellamque
890 1727 1021 1790 delatus
1043 1726 1076 1788 in
1093 1724 1278 1809 aquilonari
1292 1713 1406 1806 2:223

168 1841 261 1916 parte
278 1831 392 1914 magni
409 1830 523 1896 altaris
539 1831 696 1894 decenter
710 1842 762 1895 est
777 1831 968 1896 collocatus,
1293 1813 1419 1907 {illidii

1292 1915 1430 2009 hhrtthhealde

347 2049 395 2096 21.
442 2031 493 2096 De
525 2031 684 2096 Willelmo
697 2031 777 2116 filio
798 2032 937 2116 Pagani
957 2031 1099 2097 Peuerel.
1293 2015 1443 2109 ffifflrh

234 2185 404 2252 Defuncto
436 2189 574 2270 Pagano
599 2188 745 2264 Peuerel,
775 2186 964 2252 Willelmus
995 2186 1177 2252 filiuseius
1206 2187 1407 2280 suc-{27⁰3}hm

168 2291 265 2354 cessit
295 2291 333 2353 ei.
393 2290 438 2354 Et
469 2292 549 2374 ipse,
580 2311 722 2374 sequens
753 2292 896 2374 uestigia
926 2291 1039 2374 patris,
1069 2290 1280 2355 confirmauit
1293 2287 1429 2380 &affin

168 2395 336 2458 canonicis
360 2395 516 2477 predictis
542 2414 660 2459 omnes
683 2395 887 2459 donaciones
911 2415 995 2478 quas
1018 2404 1114 2478 pater
1137 2396 1208 2458 eius
1233 2395 1279 2459 eis
1294 2387 1444 2489 {lffl‘f'

169 2496 254 2575 fecit,
284 2508 318 2562 et
349 2499 483 2580 insuper
512 2498 687 2562 dimidiam
719 2497 845 2580 hydam
877 2507 963 2563 terre
998 2499 1032 2564 in
1068 2499 1203 2563 Brunna
1233 2499 1279 2562 eis
1294 2539 1401 2588 canons,

168 2602 309 2666 contulit
331 2601 373 2666 de
393 2602 544 2666 dominio
567 2622 649 2679 suo;
679 2611 713 2666 et
737 2613 864 2666 cartam
890 2623 985 2667 suam
1010 2603 1090 2686 ipsis
1111 2603 1280 2667 canonicis
1294 2589 1426 2681 illim,

169 2700 329 2766 liberauit.
390 2703 511 2766 Postea
547 2701 794 2765 iherosolimam
829 2701 921 2778 adiit,
952 2711 985 2766 et
1016 2702 1083 2766 illic
1118 2723 1138 2765 a
1168 2701 1280 2766 seculo
1291 2688 1445 2790 le‘ffl‘ffig

170 2802 324 2884 migrans,
340 2800 468 2864 nullum
484 2821 529 2865 ex
545 2821 582 2864 se
598 2799 787 2883 relinquens
803 2799 970 2874 heredem,
986 2811 1131 2882 quatuor
1151 2821 1280 2863 sorores
1293 2789 1444 2880 {ffififfb‘

112 2893 119 2912 ’
169 2900 247 2965 dicti
276 2900 403 2984 Pagani
430 2899 514 2965 filias
542 2901 683 2985 reliquit,
707 2921 773 2984 que
799 2910 906 2966 totam
934 2901 1107 2964 baroniam
1136 2900 1222 2965 inter
1244 2921 1280 2965 se
1293 2899 1398 2981 ξῗζῖἓξ,

171 3005 362 3070 diuiserunt
1293 2989 1390 3032 ’Μ’

237 3222 288 3272 22.
336 3203 490 3286 Qualiter
510 3205 564 3270 ius
577 3214 776 3290 patronam
798 3203 939 3268 Ecclesie
960 3207 999 3269 de
1021 3203 1214 3268 Bemewelle

177 3311 338 3377 descendit
356 3311 405 3375 ad
423 3309 605 3376 Dominum
630 3309 814 3375 Gilbertum
837 3307 954 3372 Peccke
963 3309 1045 3392 jure
1065 3309 1270 3374 hereditare.

232 3466 323 3532 Tota
353 3465 492 3531 baronia
523 3465 649 3548 Pagani
678 3463 814 3528 Peuerel
842 3471 921 3546 post
948 3471 1089 3526 mortem
1117 3461 1277 3527 Willelmi
1292 3461 1445 3564 fflgtgffr

171 3571 305 3638 Peuerel
328 3571 414 3636 inter
433 3581 578 3656 quatuor
598 3590 727 3635 sorores
743 3568 805 3633 fuit
826 3568 943 3633 diuisa.
988 3565 1139 3650 Quarum
1157 3568 1278 3650 primo
1292 3561 1408 3664 ‘iimo

168 3677 281 3759 genita
298 3677 481 3741 uocabatur
503 3674 654 3739 Matildis
675 3673 718 3738 de
734 3674 858 3750 Doure,
873 3680 907 3736 et
924 3671 996 3755 ipsa
1011 3671 1083 3734 sine
1100 3670 1221 3735 herede
1236 3671 1279 3737 de
1292 3664 1441 3766 gglffil'ffl

169 3800 204 3845 se
233 3789 367 3844 mortua
396 3789 455 3844 est.
517 3779 564 3842 Et
593 3779 641 3842 sic
671 3775 837 3841 hereditas
869 3775 942 3860 ipsa
972 3774 1014 3838 ad
1050 3785 1117 3838 tres
1150 3795 1278 3839 sorores
1293 3763 1398 3856 fflg‘

169 3885 328 3950 deuolute
355 3893 415 3960 est,
437 3894 472 3949 et
498 3904 574 3967 pars
597 3883 746 3967 predicte
770 3879 919 3945 Matildis
943 3881 1029 3943 inter
1051 3881 1141 3962 ipsas
1163 3879 1278 3944 diuisa.
1293 3863 1383 3956 5ῗῶ

170 3989 319 4074 Quarum
341 4011 407 4055 una
428 3989 488 4056 fuit
509 4011 596 4055 uxor
617 3990 784 4055 Hamonis
805 3988 913 4052 Peche
936 3987 1074 4052 senioris
1094 4008 1159 4070 que
1181 4007 1278 4051 uoca·
1293 3969 1419 4057 “lim

169 4096 267 4161 batur
283 4093 421 4160 Aelicia
468 4095 514 4161 Et
529 4116 574 4158 ex
590 4095 647 4160 illa
663 4102 894 4179 processerunt
909 4093 967 4175 filij
985 4103 1018 4156 et
1035 4090 1108 4156 filie.
1153 4093 1278 4156 Primo·
1292 4063 1442 4156 diliis?

168 4189 303 4283 genitus
324 4199 491 4264 Hamonis
513 4200 696 4265 uocabatur
717 4198 887 4266 Gilbertus
905 4197 1031 4262 Pecche
1053 4197 1186 4280 primus.
1233 4195 1279 4260 Et
1292 4164 1443 4307 {iffim

170 4304 334 4368 secundus
351 4303 535 4368 uocabatur
549 4301 720 4368 Galfridus
738 4302 872 4366 Pecche.
914 4303 982 4365 Iste
999 4298 1169 4366 Galfridus
1185 4298 1279 4363 dedit
1396 4293 1402 4305 ’

170 4407 337 4471 canonicis
374 4407 569 4472 Ecclesiam·
595 4409 639 4473 de
677 4407 881 4471 Harlestone
917 4407 959 4470 ad
990 4415 1164 4470 vesturam.
1226 4402 1279 4466 De
