3222 5086
360 375 428 444 ¹14
557 354 769 455 Judgment
794 355 835 428 in
861 354 922 428 tle
946 379 1026 428 case
1051 355 1100 452 of
1116 354 1266 430 Burton
1341 353 1463 453 [soon

383 713 433 779 24.
471 699 644 784 Judc'cr'um
668 699 704 764 in
726 700 823 764 banco
845 699 884 763 de
905 699 1051 762 Ecclesia
1073 698 1112 762 de
1133 697 1270 764 Birtone
1290 698 1435 762 Lincoln.

188 887 308 980 {mm
406 885 506 954 Assisa
522 886 600 942 uenit
616 885 794 956 recognitura
806 885 869 956 quis
886 885 1042 941 aduncatus
1058 896 1185 958 tempore
1197 887 1277 958 pacis
1289 885 1463 957 presentauit

188 989 230 1031 tue
240 985 343 1040 flenter
353 971 481 1029 ultimam
500 991 652 1044 personam
665 992 720 1046 que
738 983 849 1030 mortua
867 984 911 1030 est
927 973 964 1029 ad
981 973 1132 1029 ecclesiam
1149 975 1185 1030 de
1202 975 1318 1030 Birtone
1335 973 1365 1028 in
1379 973 1462 1028 Kest-

187 1045 316 1131 fffl‘m'
353 1075 442 1116 euene
454 1078 510 1132 que
525 1073 610 1116 vacat
627 1072 657 1117 et
675 1061 754 1116 cuius
772 1061 995 1117 aduocacionem
1015 1062 1094 1117 Prior
1112 1062 1149 1118 de
1167 1062 1339 1118 Bemewelle
1358 1061 1462 1116 clamat

136 1171 138 1174 ’
187 1139 261 1231 ἓξὲξ
282 1143 327 1232 “⁸⁰
352 1165 451 1204 uersus
477 1149 633 1205 Robertum
662 1150 699 1206 de
727 1150 949 1205 Brekeneberwe
973 1158 1002 1205 et
1025 1150 1192 1219 magistrum
1219 1149 1399 1219 Radulphum
1423 1149 1462 1202 de

186 1239 295 1331 lffrlnltr
353 1237 505 1307 Wylrham,
541 1247 570 1293 et
600 1238 675 1293 vnde
708 1237 777 1292 dicit
811 1237 887 1307 quod
918 1237 1038 1307 ipsemet
1068 1249 1196 1309 tempore
1225 1239 1305 1310 pacis
1335 1247 1462 1309 ternpore

189 1301 271 1391 rffitn'
355 1323 472 1379 Henrici
505 1323 579 1393 regis
609 1324 698 1395 patris
728 1324 802 1394 tegle
834 1339 909 1378 nunc
939 1323 1038 1378 ultimo
1069 1324 1242 1395 presentnuit
1271 1325 1310 1380 ad
1339 1324 1461 1380 eandem

352 1411 503 1468 ecclesiam
515 1413 660 1482 quendam
674 1415 817 1483 Rogerum
835 1413 872 1466 de
890 1411 1100 1481 Rauelingham
1117 1411 1251 1468 clericum
1267 1429 1350 1468 suum
1363 1411 1411 1484 qui
1423 1411 1463 1466 ad

352 1499 595 1570 presentacionem
617 1517 699 1556 suam
720 1500 772 1555 fuit
794 1499 937 1555 admissus
956 1508 985 1553 et
1005 1499 1149 1556 institutus
1169 1517 1220 1571 per
1240 1501 1319 1555 cuius
1340 1509 1462 1555 mortem

351 1586 479 1657 predicta
499 1587 620 1644 ecclesia
641 1588 728 1644 modo
747 1597 837 1642 vacat.
875 1588 915 1642 Et
937 1586 1055 1657 predicti
1080 1588 1222 1643 Robertus
1243 1598 1271 1643 et
1294 1588 1461 1658 Radulphus

351 1676 423 1732 alias
435 1677 561 1732 iecerunt
574 1677 710 1733 defaltam
726 1685 880 1748 postquam
897 1675 1061 1730 summoniti
1079 1684 1140 1741 eto,
1154 1675 1262 1731 scilicet
1274 1693 1292 1730 a
1304 1676 1350 1731 die
1362 1686 1462 1730 sancte

352 1764 485 1820 trinitatis
503 1764 534 1818 in
550 1784 601 1820 αν.
616 1766 686 1831 dies,
704 1763 744 1820 ita
761 1764 838 1835 quod
856 1773 924 1818 tunc
943 1763 1152 1818 consideratum
1170 1763 1222 1818 luit
1238 1765 1315 1834 quod
1333 1763 1462 1834 predicta

351 1853 443 1908 assisa
455 1862 603 1923 caperetur
614 1870 714 1909 uersus
728 1869 776 1908 eos
789 1869 841 1924 per
852 1851 996 1920 defaltum,
1010 1853 1061 1908 sed
1073 1862 1173 1922 postea
1185 1852 1237 1907 fuit
1254 1853 1283 1906 in
1300 1863 1461 1924 respectum

351 1959 440 2014 usque
452 1942 578 1997 adhunc
591 1943 667 1997 diem
680 1959 732 2014 pro
745 1940 856 1996 defectu
869 1941 1087 2011 recognitorum,
1100 1950 1152 1996 etc.

404 2029 443 2084 Et
464 2029 550 2098 jurati
575 2030 662 2084 modo
686 2036 824 2083 venerunt
849 2026 897 2099 qui
923 2027 1021 2081 dicunt
1041 2043 1126 2098 super
1146 2036 1355 2082 sacramentum
1377 2043 1460 2082 suum

350 2115 428 2187 quod
439 2113 583 2186 predictus
602 2114 681 2170 Prior
692 2115 792 2170 ultimo
809 2114 982 2185 presentauit
999 2113 1158 2183 predictum
1171 2113 1314 2183 Rogerum
1327 2098 1460 2169 clehcum

351 2220 434 2259 suum
453 2203 490 2258 ad
508 2204 667 2275 predictam
686 2203 835 2258 ecclesiam
854 2203 902 2276 qui
921 2203 959 2258 ad
977 2202 1222 2274 presentacionem
1241 2219 1322 2258 suam
1340 2201 1392 2258 fuit
1410 2204 1459 2258 ad·

351 2292 455 2347 missus
480 2302 508 2347 et
531 2293 685 2348 institutus.
724 2293 762 2346 Et
784 2303 868 2346 antea
889 2291 1066 2363 presentauit
1087 2291 1230 2362 quendam
1255 2294 1399 2360 Rogerum
1423 2292 1460 2346 de

351 2381 559 2451 Rauelingham
580 2381 751 2436 auunculum
771 2381 889 2452 predicti
911 2379 1015 2451 Rogeri
1037 2379 1085 2451 qui
1107 2378 1234 2435 similiter
1256 2379 1292 2433 ad
1314 2389 1459 2450 presenta-

350 2470 462 2526 cionem
477 2469 595 2541 predicti
616 2468 719 2524 Prioris
736 2470 774 2524 ad
791 2469 911 2524 eandem
928 2468 981 2523 suit
998 2468 1138 2523 admissus
1155 2479 1183 2523 et
1199 2467 1351 2524 institutus.
1390 2469 1459 2525 ideo

350 2558 560 2614 consideratum
572 2567 616 2613 est
628 2557 705 2630 quod
717 2559 860 2627 predictus
874 2557 953 2612 Prior
964 2565 1109 2626 recuperet
1120 2556 1364 2625 presentacionem
1378 2571 1457 2612 suam

350 2661 448 2700 uersus
462 2657 465 2662 '
479 2645 622 2716 predictos
654 2646 809 2700 Robertum
840 2654 869 2700 et
902 2643 1092 2715 Radulphum,
1117 2652 1145 2698 et
1175 2643 1281 2699 habeat
1306 2644 1393 2699 breue
1422 2645 1459 2700 ad

349 2733 516 2805 episcopum
536 2733 765 2790 Lincolniensem
776 2733 853 2804 quod
871 2733 908 2788 ad
925 2733 1171 2802 presentationem
1190 2731 1277 2802 ipsius
1297 2732 1402 2788 Prioris
1421 2734 1458 2787 ad

349 2821 506 2893 predictam
527 2821 677 2878 ecclesiam
698 2822 839 2890 ydoneam
861 2837 1013 2892 personam
1037 2819 1176 2874 admittat.
1214 2821 1252 2875 Et
1277 2819 1354 2874 idem
1380 2819 1460 2875 Prior

350 2919 494 2981 recuperet
510 2911 636 2981 dampna
653 2926 704 2964 sua
720 2925 770 2980 per
788 2917 933 2976 statutum,
946 2923 1001 2978 que
1018 2916 1151 2962 taxantur
1166 2923 1217 2977 per
1232 2907 1342 2976 juratos
1356 2908 1393 2962 ad
1405 2927 1458 2964 αν.

349 3014 468 3064 marcas,
490 3015 526 3054 eo
546 2997 623 3070 quod
642 2997 770 3068 predicta
790 2997 910 3052 ecclesia
929 2998 1003 3052 valet
1028 3013 1079 3067 per
1102 3011 1210 3050 annum
1234 3003 1315 3050 ,κω
1338 3013 1457 3052 marcas.

349 3085 475 3152 Clericis,
488 3087 524 3141 de
536 3086 670 3156 predictis
681 3105 732 3142 ,xu
743 3084 854 3152 marcis,
865 3104 899 3140 .x.
912 3100 1015 3140 marce.
1044 3085 1082 3139 Et
1095 3084 1236 3139 Robertus
1249 3092 1277 3138 et
1289 3084 1458 3156 Radulphus

349 3173 379 3230 in
390 3174 591 3231 misericordia.

417 3313 511 3378 Istud
537 3313 710 3378 recordum
737 3311 923 3377 inuenietur
943 3313 976 3376 in
999 3311 1146 3397 quodam
1165 3311 1291 3376 Rotulo
1314 3332 1358 3376 ex
1379 3312 1458 3378 alba

293 3405 332 3572 h
350 3425 445 3500 parte
467 3417 500 3480 in
517 3415 582 3481 fine
604 3417 730 3492 Rotuli‚
748 3418 804 3481 ubi
826 3418 915 3482 istud
936 3419 1069 3500 signum
1091 3417 1304 3500 depingitur.
1354 3417 1459 3501 Apud

351 3521 687 3585 westmonasterium
718 3541 830 3585 coram
862 3521 901 3584 T.
928 3519 970 3584 de
997 3519 1179 3602 Weyland¹
1209 3518 1242 3582 in
1274 3519 1397 3596 Banco,
1425 3523 1457 3586 in

350 3622 479 3687 octabis
505 3631 620 3686 sancte
652 3621 838 3696 Trinitatis,
862 3641 952 3686 anno
978 3620 1070 3704 regni
1097 3620 1184 3703 regis
1212 3619 1371 3685 Edwardi
1399 3619 1458 3705 filij

351 3726 437 3812 regis
462 3727 599 3790 Henrici
624 3713 727 3808 xvj⁰⁸.'

399 3908 410 3942 ¹
427 3911 544 3962 Collated
556 3911 618 3962 with
633 3911 676 3962 the
691 3911 796 3978 original
812 3910 839 3962 in
854 3911 897 3962 the
909 3911 998 3962 Public
1010 3911 1110 3962 Record
1122 3911 1209 3972 Office,
1225 3913 1266 3963 De
1278 3913 1363 3964 Banoo
1376 3915 1457 3978 Rolls,

351 3995 402 4046 No.
416 4007 454 4061 73,
470 3995 530 4045 Roll
542 3995 583 4062 96.
617 3995 673 4045 The
684 3995 752 4045 hand
765 3995 910 4045 mentioned
921 3995 947 4044 in
962 3994 1005 4045 the
1021 4001 1072 4044 text
1087 3993 1109 4044 is
1124 3993 1176 4044 still
1194 4001 1221 4044 to
1238 3995 1271 4045 be
1289 4011 1348 4046 seen
1366 4013 1399 4047 on
1415 3997 1459 4049 the

350 4077 448 4143 margin
460 4085 486 4127 at
497 4075 539 4126 the
554 4077 653 4126 bottom
668 4076 698 4125 oi
712 4077 755 4127 the
771 4077 839 4135 Roll,
852 4077 934 4126 where
950 4075 1019 4127 there
1030 4077 1052 4126 is
1063 4092 1095 4126 su
1106 4077 1238 4142 unusually
1249 4077 1318 4144 large
1329 4095 1403 4145 speoe
1415 4091 1460 4133 not

350 4159 456 4211 covered
468 4159 501 4222 by
512 4158 619 4224 miting.

398 4241 410 4275 ¹
426 4243 538 4292 Thomas
549 4242 582 4292 de
594 4242 719 4308 Weyland
731 4258 783 4292 was
794 4241 863 4292 chief
874 4241 964 4306 justice
976 4242 1005 4291 ol
1012 4241 1055 4292 the
1066 4249 1136 4292 court
1147 4241 1177 4292 ol
1185 4259 1301 4293 common
1313 4244 1392 4310 pleae.
1427 4247 1459 4297 In

349 4326 392 4377 the
403 4341 462 4391 year
472 4325 602 4391 following
613 4323 765 4390 (redd-89)
777 4325 810 4376 he
821 4341 873 4375 was
883 4325 1014 4390 disgmced
1025 4325 1075 4375 and
1087 4323 1177 4375 exiled.

399 4407 410 4441 ⁸
425 4408 509 4462 inere
520 4409 602 4460 worm
615 4406 827 4474 “Apud-xvj⁰.''
837 4424 880 4458 are
891 4407 935 4460 the
944 4408 1055 4474 heading
1066 4407 1095 4457 ol
1103 4407 1146 4460 the
1159 4407 1227 4459 Roll.
