3188 5078
360 370 433 442 314
639 344 676 418 T
670 355 799 420 manis
826 344 867 418 z'n
903 343 1168 441 Whittlesford
1356 343 1469 442 [Boon

356 540 390 596 et
405 541 527 594 terram
546 529 623 594 Ade
644 530 676 594 le
692 530 821 604 Chanu‚
836 539 871 592 et
889 529 1048 593 abuttant
1067 549 1167 612 super
1186 538 1313 593 terram
1330 529 1469 594 Walteri

358 635 387 698 le
418 632 638 718 Frankeleyn.
684 633 781 699 idem
808 644 901 699 tenet
931 635 964 697 in
991 634 1112 698 eodem
1141 654 1265 716 campo
1291 636 1349 698 jx.
1377 655 1470 699 acras

357 749 443 804 terre
460 740 545 804 inter
559 748 682 804 terram
699 737 831 802 Thome
847 738 890 802 de
907 737 1016 802 Morle
1030 747 1066 801 et
1080 747 1203 803 terram
1215 760 1283 821 que
1295 739 1468 822 quondam

356 845 417 910 tuit
445 844 576 908 Thome
602 844 698 908 Akat
724 852 759 906 et
785 844 943 908 abuttant
971 865 1073 927 super
1102 854 1224 909 terram
1257 845 1398 909 Radulfi
1428 847 1469 908 de

357 947 588 1012 Dokeswrthe.
644 949 730 1012 Item
767 957 860 1012 tenet
889 947 919 1029 .j.
950 967 1062 1011 acram
1099 957 1133 1012 et
1168 949 1347 1014 dimidiam
1380 949 1467 1032 apud

357 1052 495 1116 Estmor
530 1053 616 1116 inter
652 1061 773 1114 terram
806 1050 964 1114 Wilielmi
998 1049 1055 1132 filij
1089 1051 1213 1134 Rogeri
1250 1052 1402 1116 Bercarii
1435 1063 1468 1116 et

358 1165 479 1219 terram
502 1154 695 1238 Baldewyni
716 1156 759 1219 de
783 1153 936 1236 Romely.
984 1155 1070 1220 Item
1093 1165 1186 1220 tenet
1207 1178 1244 1221 .v.
1265 1178 1364 1220 acras
1385 1167 1467 1220 terre

358 1259 483 1324 scilicet
500 1259 530 1322 ie
547 1258 660 1342 SotyS,
675 1269 709 1322 et
724 1257 883 1323 abuttant
897 1279 997 1343 super
1014 1259 1202 1324 Ruestrate

691 1363 832 1430 Summa
848 1365 950 1446 xviij.
966 1373 1057 1429 acre¹
1072 1367 1263 1430 et-dimidia
1278 1377 1314 1430 et
1330 1367 1359 1448 .j.
1378 1370 1467 1431 roda

425 1471 602 1553 Preceptor
623 1470 666 1534 de
690 1469 912 1534 Dokeswrthe
936 1480 1029 1535 tenet
1051 1471 1085 1534 in
1110 1471 1277 1554 Brigefeld
1300 1469 1331 1552 .j.
1355 1493 1466 1536 acram

358 1585 392 1639 et
412 1575 587 1639 dimidiam
607 1585 643 1638 et
663 1574 691 1656 .j.
713 1575 830 1638 rodam
851 1574 937 1639 inter
957 1583 1080 1638 terram
1101 1594 1241 1657 persone
1258 1575 1301 1637 de
1319 1575 1467 1656 Wytles-

359 1679 430 1744 sord
455 1690 488 1744 et
511 1689 633 1744 terram
659 1680 802 1764 Philippi
826 1682 869 1743 de
893 1681 1114 1763 Scyrebume,
1128 1691 1163 1744 et
1185 1681 1347 1744 abuttant
1368 1701 1468 1764 super

359 1794 480 1848 terram
505 1784 698 1866 Baidewyni
719 1784 762 1847 de
787 1783 940 1867 Romely.
988 1785 1074 1849 Item
1096 1795 1188 1848 tenet
1209 1785 1241 1847 in
1261 1783 1467 1849 Stonhilfeld

243 1900 345 1965 1¹75b
359 1885 411 1968 iij.
434 1906 527 1950 acras
550 1894 637 1950 terre
657 1886 743 1950 inter
765 1895 886 1949 terram
911 1885 1051 1969 predicti
1076 1886 1230 1970 Philippi,
1250 1895 1285 1950 et
1307 1887 1468 1952 abuttant

358 2011 458 2074 super
474 1991 661 2055 Rueetrate.
700 1990 796 2054 idem
813 2001 906 2056 tenet
920 1991 949 2073 .j.
966 2010 1078 2055 acram
1095 2002 1180 2054 terre
1196 1999 1230 2054 et
1242 1991 1421 2056 dimidiam
1435 1993 1466 2056 in

358 2095 477 2160 eodem
508 2115 629 2178 campo
659 2095 745 2159 inter
775 2105 898 2160 terram
929 2095 1069 2180 predicti
1102 2095 1246 2179 Philippi
1276 2104 1311 2159 et
1342 2105 1466 2160 terram

357 2199 489 2264 Thome
504 2198 547 2263 de
564 2199 679 2276 Morle,
691 2210 725 2264 et
741 2201 898 2264 abuttant
913 2221 1014 2284 super
1029 2201 1237 2264 Yeuestrate.
1268 2200 1358 2264 Item
1374 2209 1467 2266 tenet

357 2303 398 2385 .ij.
429 2323 522 2366 acras
552 2311 638 2366 terre
668 2302 701 2365 in
732 2304 851 2367 eodem
888 2323 1009 2386 campo
1045 2304 1131 2368 inter
1165 2314 1287 2368 terram
1326 2304 1466 2368 Henrici

358 2407 525 2490 prepositi,
544 2415 579 2472 et
601 2416 722 2471 terram
747 2407 898 2472 Matildis
921 2408 964 2472 de
988 2409 1109 2484 Soiers,
1129 2416 1163 2472 et
1186 2408 1343 2472 abuttant
1367 2429 1467 2491 super

358 2513 566 2577 Yeuestrate.
614 2513 698 2576 Item
715 2521 809 2578 tenet
824 2513 853 2594 .j.
869 2534 982 2578 acram
998 2523 1032 2576 et
1047 2512 1224 2577 dimidiam
1241 2513 1326 2576 inter
1342 2521 1464 2577 terram

358 2617 498 2700 predicti
521 2615 674 2699 Philippi,
689 2625 723 2680 et
743 2625 865 2680 terram
887 2637 953 2701 que
969 2615 1032 2680 suit
1052 2616 1223 2699 quondam
1240 2615 1405 2698 Johannis
1424 2617 1464 2680 de

360 2721 531 2798 Herthow,
546 2731 580 2785 et
596 2721 754 2785 abuttant
769 2740 868 2803 super
884 2719 1120 2802 Stonhiiweye.

753 2823 894 2889 Summa
910 2825 964 2888 ix.
981 2846 1055 2888 acre
1071 2835 1105 2889 et
1120 2825 1261 2889 dimidia
1278 2835 1312 2888 et
1328 2825 1358 2907 .j.
1375 2825 1462 2890 roda

424 2929 574 2992 Thomas
599 2929 642 2992 de
668 2927 775 2992 Morle
801 2937 894 2993 tenet
921 2931 954 2992 in
983 2928 1150 3022 Brigeield
1179 2929 1231 3010 iij.
1258 2949 1352 2993 acras
1379 2939 1463 2992 terre

360 3033 445 3096 inter
468 3042 589 3096 terram
612 3031 755 3115 Philippi
776 3033 819 3094 de
840 3032 1052 3114 Scyrebume
1075 3041 1109 3096 et
1130 3032 1219 3095 viam
1240 3051 1304 3114 que
1327 3043 1464 3096 vocatur

359 3136 643 3219 Ykelitoneweye.
691 3135 776 3198 Item
798 3145 890 3199 tenet
910 3136 944 3198 in
965 3134 1169 3200 Stonhilieid
1190 3136 1243 3218 .iij.
1265 3156 1359 3199 acras
1381 3145 1464 3200 terre

359 3251 393 3305 et
414 3240 597 3318 dimidiam,
613 3252 647 3304 et
665 3239 778 3321 jacent
798 3260 898 3321 super
919 3239 1052 3305 Stonhil
1074 3240 1160 3304 inter
1181 3251 1302 3304 terram
1324 3240 1464 3322 predicti

361 3344 505 3428 Philippi
526 3355 561 3409 et
581 3354 703 3409 terram
726 3343 885 3426 Symonis
908 3344 1114 3422 Mercatoris,
1134 3355 1168 3408 et
1188 3344 1346 3409 abuttant
1367 3365 1465 3428 super

359 3460 481 3515 terram
506 3450 700 3532 Baidewyni
723 3449 766 3512 de
788 3448 940 3532 Romely.
989 3449 1084 3514 idem
1108 3459 1201 3515 tenet
1224 3452 1258 3514 in
1278 3471 1402 3533 campo
1423 3451 1465 3515 de

362 3554 572 3620 Holmesfeld
589 3553 640 3635 .iij.
657 3574 750 3618 acras
771 3561 866 3630 terre,
881 3562 916 3617 et
937 3555 1046 3618 iacent
1067 3573 1166 3638 super
1187 3555 1359 3638 Waytehil
1382 3555 1466 3620 inter

360 3669 481 3723 terram
502 3657 642 3742 predicti
665 3656 808 3740 Philippi
830 3665 1006 3742 etterram
1029 3656 1224 3742 Baldewyni
1245 3657 1289 3722 de
1310 3658 1467 3743 Romely.

362 3763 456 3828 idem
478 3773 570 3828 tenet
585 3765 617 3826 in
637 3763 755 3826 eodem
773 3761 813 3844 ij.
830 3783 923 3826 acras
944 3773 1030 3827 terre
1050 3774 1085 3828 et
1105 3762 1289 3840 dimidiam,
1306 3773 1341 3827 et
1356 3763 1468 3830 iacent

358 3889 458 3952 super
483 3868 652 3950 Waytehil
680 3868 766 3932 inter
792 3879 914 3931 terram
946 3867 1086 3952 predicti
1111 3869 1257 3953 Philippi
1282 3879 1317 3934 et
1343 3879 1466 3935 terram

360 3973 447 4037 Petri
483 3973 514 4036 ie
548 3972 684 4054 Taylur,
714 3981 748 4035 et
783 3971 940 4036 abuttant
976 3993 1075 4056 super
1109 3981 1232 4037 terram
1272 3973 1468 4058 Baldewyni

360 4076 502 4142 Dakeni.
548 4077 644 4142 Idem
674 4086 767 4142 tenet
794 4077 856 4158 .vij.
883 4097 976 4141 acras
1003 4077 1036 4140 in
1067 4075 1187 4141 eodem
1217 4097 1339 4161 campo
1370 4079 1469 4144 iuxta

359 4191 480 4247 terram
502 4181 661 4245 Willelmi
682 4183 726 4246 de
750 4181 890 4246 Hatfeld
912 4191 946 4246 et
968 4182 1066 4246 iuxta
1089 4182 1413 4267 Longeforthebrige
1436 4195 1469 4248 et

359 4287 516 4351 abuttant
530 4286 619 4370 apud
638 4286 876 4350 molendinum.
1124 4287 1267 4353 Summa
1284 4309 1352 4351 .xx.
1370 4295 1469 4352 acre¹.

692 4545 694 4550 ·
820 4523 828 4556 ¹
846 4541 923 4586 acras,
946 4525 1002 4576 MS.
