3222 5086
363 373 431 440 116
606 366 683 438 The
709 366 805 440 land
825 367 873 464 of
896 365 1054 440 Thomas
1090 365 1218 463 Tuylet
1344 363 1465 464 [soon

356 552 507 616 Thomas
527 574 611 618 auus
632 553 772 636 predicti
795 553 934 617 Roberti
956 552 1041 635 obijt
1065 553 1210 636 saysitus
1231 561 1291 616 etc
1313 551 1356 616 de
1378 551 1416 614 L.
1432 558 1466 613 et

358 666 436 722 octo
456 657 540 720 acris
560 666 646 721 terre
667 678 743 721 cum
765 656 978 741 pertinencijs
1000 658 1033 720 in
1056 657 1271 741 Cantebrigia
1285 667 1346 720 etc.
1368 664 1403 719 et
1423 653 1466 716 de

360 771 437 826 octo
467 762 550 825 acris
580 770 666 825 terre
696 783 771 826 cum
802 762 1016 845 pertinencijs
1047 762 1080 825 in
1111 763 1238 827 eisdem
1269 761 1354 825 villis
1381 759 1468 823 sicut

284 875 346 941 ιη
360 866 529 951 predictus
560 866 728 930 Robertus
758 867 841 931 dicit
869 865 922 930 vel
953 867 979 928 si
1011 866 1100 930 idern
1137 865 1286 930 Thomas
1317 861 1467 928 feoffauit

360 970 547 1054 predictum
576 971 723 1035 Priorem
754 971 797 1034 dc
824 969 949 1034 eisdem
977 972 1178 1035 tenementis
1205 979 1239 1032 et
1265 971 1376 1052 ipsum
1407 984 1467 1048 per

360 1075 496 1158 longum
514 1085 648 1158 tempus
670 1085 749 1138 ante
770 1085 911 1139 mortem
935 1096 1029 1139 suam
1052 1075 1095 1138 de
1117 1074 1242 1138 eisdem
1267 1069 1467 1137 tenementis

360 1180 392 1244 in
409 1180 593 1263 plenariam
610 1200 791 1263 saysynam
809 1180 921 1264 posuit
937 1182 1023 1244 sicut
1038 1180 1208 1263 predictus
1225 1178 1318 1241 Prior
1332 1175 1421 1240 dicit.

195 1313 337 1406 {magn
426 1286 472 1349 Et
495 1286 562 1368 ‚xij.
583 1285 625 1350 de
644 1307 808 1350 consensu
832 1285 979 1369 parcium
1004 1285 1101 1349 electi
1124 1304 1286 1348 unacum
1308 1281 1468 1366 predictis

194 1413 305 1456 rhama·
359 1390 501 1455 testibus
516 1399 677 1454 venerunt
699 1399 733 1452 et
753 1387 869 1453 dicunt
884 1409 984 1471 super
999 1397 1245 1452 sacramentum
1261 1405 1359 1449 suum
1375 1384 1467 1467 quod

193 1464 346 1557 iuiyii‘wiii'
360 1489 528 1573 predictus
552 1489 701 1553 Thomas
723 1509 806 1553 auus
829 1489 970 1572 predicti
995 1488 1134 1553 Roberti
1155 1487 1240 1569 obijt
1260 1486 1404 1568 saysitus
1424 1486 1468 1548 de

194 1564 297 1666 22:2¹5?
360 1593 424 1657 illis
444 1603 522 1656 octo
543 1594 627 1657 acris
647 1601 734 1657 terre
754 1616 820 1677 que
840 1593 973 1658 suerunt
993 1592 1037 1657 de
1058 1591 1157 1656 feodo
1177 1591 1305 1656 domini
1328 1587 1467 1653 Roberti

359 1696 402 1762 de
424 1697 561 1762 Mortuo
582 1695 684 1762 Mari¹
708 1708 742 1762 et
765 1719 830 1761 non
855 1698 898 1762 de
920 1697 995 1762 alio.
1041 1697 1124 1760 Ideo
1146 1695 1392 1759 consideratum
1416 1701 1468 1757 est

359 1802 450 1885 quod
467 1813 637 1885 recuperet
658 1802 736 1867 inde
756 1822 938 1886 saysynam
960 1820 1065 1877 suam,
1080 1809 1115 1865 et
1135 1800 1303 1883 predictus
1320 1797 1413 1862 Prior
1433 1798 1467 1860 in

360 1906 593 1970 misericordia.

426 2008 552 2072 Dicunt
567 2009 673 2073 eciam
686 2009 776 2092 quod
793 2009 960 2093 predictus
974 2007 1123 2072 Thomas
1139 2028 1205 2071 non
1222 2005 1306 2087 obijt
1322 2005 1468 2086 saysitus

360 2113 393 2176 in
414 2111 585 2176 dominico
605 2121 666 2176 etc.
687 2114 730 2176 de
751 2113 909 2196 predictis
926 2112 1114 2195 mesuagijS‚
1130 2121 1163 2174 et
1180 2111 1266 2192 l.viij.
1283 2110 1366 2173 acris
1381 2120 1469 2172 terre

359 2237 436 2281 cum
457 2216 679 2299 pertinenciis,
694 2217 773 2299 quia
794 2215 963 2299 predictus
982 2217 1074 2280 Prior
1096 2236 1155 2299 per
1174 2214 1311 2297 longum
1335 2224 1468 2296 tempus

361 2321 422 2385 suit
453 2320 531 2383 inde
560 2320 706 2402 saysitus
736 2330 814 2384 ante
845 2331 988 2384 mortem
1015 2320 1155 2404 predicti
1183 2319 1323 2394 Thome,
1349 2327 1383 2380 et
1409 2337 1469 2400 per

360 2424 599 2488 feoiamentum
612 2423 760 2487 eiusdem
775 2423 912 2487 Thome.
953 2424 1036 2487 Ideo
1052 2423 1298 2488 consideratum
1314 2419 1467 2503 estquod

360 2527 528 2612 predictus
553 2528 720 2592 Robertus
746 2528 863 2591 nichil²
884 2528 995 2610 capiat
1018 2549 1077 2611 per
1099 2527 1201 2590 breue
1223 2523 1311 2589 istud
1340 2525 1397 2588 sed
1425 2524 1468 2588 sit

359 2635 393 2697 in
416 2633 640 2697 misericordia
662 2653 722 2714 pro
745 2630 830 2696 salso
850 2632 1005 2709 clamore,
1027 2643 1062 2696 et
1084 2633 1253 2715 predictus
1277 2631 1370 2695 Prior
1389 2628 1469 2693 inde

360 2737 432 2802 sine
456 2736 519 2800 die.

470 3001 520 3068 27.
565 2985 731 3050 Placitum
753 2985 793 3048 de
815 2985 951 3050 Roberto
964 2985 1042 3068 filio
1063 2983 1198 3050 Roberti
1218 2983 1353 3048 Hubert.

195 3200 333 3244 nechim
427 3163 594 3227 Robertus
611 3159 697 3225 filius
714 3162 852 3226 Roberti
877 3162 1011 3226 Hubert
1032 3161 1117 3244 petit
1132 3181 1245 3225 versus
1263 3161 1408 3224 Priorem
1425 3161 1469 3225 de

195 3251 332 3355 {fifflbssff'
362 3263 563 3328 Bernewelle
573 3262 600 3325 .l.
611 3263 675 3326 viii.
689 3283 781 3326 acras
794 3272 879 3326 terre
890 3283 966 3326 cum
979 3262 1190 3345 pertinenciis
1201 3261 1234 3324 in
1246 3260 1469 3345 Cantebrigia,

196 3352 347 3455 fflssssfm
361 3367 572 3444 Bernewelle,
585 3366 801 3440 Newenham,
814 3375 851 3429 ut
867 3367 917 3429 ius
933 3385 1029 3430 suurn
1046 3377 1107 3429 etc.
1123 3364 1303 3448 dequibus
1319 3365 1470 3430 Thomas

361 3468 485 3550 Tuylet
508 3488 591 3531 auus
614 3465 754 3548 predicti
778 3465 916 3531 Roberti
938 3465 999 3529 fuit
1022 3467 1167 3547 saysitus
1187 3466 1221 3527 in
1243 3466 1411 3529 dominico
1433 3477 1470 3530 ut

360 3570 403 3634 de
434 3568 533 3632 feodo
559 3567 613 3630 die
639 3587 707 3649 quo
733 3565 819 3646 obijt
844 3575 906 3629 etc.
929 3574 963 3629 et
986 3565 1074 3629 vnde
1100 3566 1270 3648 predictus
1303 3565 1469 3631 Robertus

361 3673 442 3737 dicit
468 3669 558 3754 quod
586 3669 755 3753 predictus
779 3669 928 3733 Thomas
952 3669 1077 3752 Tuylet
1101 3669 1163 3733 fuit
1186 3680 1341 3751 saysytus
1364 3679 1403 3734 ut
1426 3672 1470 3735 de

360 3774 460 3838 feodo
486 3784 638 3859 tempore
664 3774 791 3838 domini
817 3775 902 3858 regis
929 3776 986 3858 qui
1013 3796 1101 3840 nunc
1127 3786 1179 3838 est
1204 3775 1368 3856 capiendo
1391 3776 1470 3840 inde

359 3877 510 3962 expletia
524 3889 585 3944 etc.
625 3879 671 3942 Et
685 3880 728 3942 de
744 3880 817 3963 ipso
834 3879 967 3943 Thoma
982 3879 1154 3944 descendit
1170 3879 1306 3943 feodum
1322 3878 1470 3962 predicte

360 3993 447 4046 terre
463 3980 596 4046 cuidam
618 3982 769 4048 Gaisrido
786 3994 823 4047 ut
838 3980 907 4046 filio
923 3992 957 4047 et
972 3973 1100 4060 heredi}
1112 3993 1146 4046 et
1162 3983 1204 4046 de
1220 3983 1293 4067 ipso
1311 3983 1470 4062 Galsrido,

361 4089 440 4171 quia
456 4086 542 4168 obijt
557 4088 629 4151 sine
644 4087 821 4152 heredibus
837 4089 880 4152 de
895 4109 940 4163 se,
955 4089 1089 4152 cuidam
1107 4087 1306 4152 Alexandro
1323 4099 1360 4152 ut
1375 4088 1467 4154 fratri

361 4203 396 4258 et
411 4191 534 4269 heredi,
548 4201 583 4256 et
598 4190 641 4256 de
657 4193 730 4276 ipso
746 4191 946 4256 Alexandro
962 4192 1095 4256 cuidam
1112 4191 1245 4257 Amicie
1260 4203 1296 4256 vt
1311 4193 1414 4256 sorori
1435 4205 1470 4258 et

361 4295 483 4374 heredi,
513 4304 548 4359 et
583 4295 626 4359 de
662 4297 734 4378 ipsa
765 4295 899 4360 Amicia
935 4295 988 4358 isti
1024 4295 1174 4359 Roberto
1208 4296 1265 4377 qui
1299 4317 1387 4360 nunc
1418 4309 1470 4363 est

594 4415 694 4476 ²mori,
707 4417 767 4468 Ms.
931 4415 1069 4470 'redditus
1080 4417 1167 4478 nichil,
1179 4417 1239 4469 MS.
