3222 5086
162 349 224 449 111]
425 353 463 426 T
456 353 502 426 ke
526 365 680 453 outrage
705 365 747 430 ot
781 354 1020 453 Wzggenlroll
1201 373 1269 442 119

381 611 430 676 31.
474 595 619 660 Extenta
633 606 769 680 pastore
790 595 828 660 de
849 595 1068 680 Maddingles

227 753 381 819 Extenta
393 755 481 821 lacta
492 756 582 841 apud
596 757 793 840 Maddingle
803 778 862 840 per
871 758 1076 840 subscriptos
1087 756 1269 821 Ricardum
1283 780 1336 823 rna
1350 781 1435 821 extent

162 857 361 938 Belebuche‚
388 861 595 926 Willelmum
626 863 790 945 Thurgar‚
817 862 985 926 Thomam
1016 861 1059 925 de
1088 861 1121 924 la
1152 859 1270 938 Grene,
1283 830 1416 974 iffi?

161 961 359 1028 Amandum
372 965 414 1030 de
429 966 613 1049 Impetone,
624 965 842 1030 Benedictum
856 967 899 1029 de
912 963 1074 1042 Grittone,
1088 963 1270 1029 Ricardum
1283 943 1354 1034 rer.¹
1373 941 1402 1042 i

162 1065 205 1130 de
222 1067 373 1146 Pastech,
389 1069 575 1134 Walterum
592 1070 757 1146 clericum,
770 1069 976 1134 Willelmum
995 1068 1175 1148 Rumbald,
1187 1069 1271 1133 Wil·
1283 1031 1417 1184 ἓξὲξ

162 1169 300 1235 lelmum
315 1172 531 1252 Husebande,
544 1175 734 1257 Johannem
752 1173 903 1258 Wyting,
920 1171 1107 1238 Gallridum
1120 1171 1270 1255 Aylrieh,
1282 1183 1401 1276 30⁶1ng

164 1276 333 1359 Rogemm
350 1278 452 1355 Tetri,
469 1279 658 1363 Johannem
677 1279 706 1344 le
724 1280 874 1355 Paumer‚
889 1280 1032 1362 Juratos.
1071 1278 1139 1362 Qui
1155 1278 1271 1343 dicunt
1284 1294 1392 1376 ffiffi·

162 1401 262 1464 super
282 1395 528 1448 sacramentum
550 1405 647 1449 suum
669 1386 760 1468 quod
785 1385 877 1449 Prior
892 1383 935 1446 de
951 1382 1154 1446 Bemewelle
1169 1383 1270 1446 habet
1284 1384 1403 1486 {2²23ss

162 1485 196 1548 in
229 1485 427 1570 Maddingle
453 1509 545 1552 ‚ecce
573 1509 666 1552 acras
697 1489 837 1553 arabiles
865 1489 897 1551 in
929 1488 1099 1551 communi
1126 1496 1269 1570 pastura
1286 1485 1358 1528 ⁰⁰¹²·

163 1589 289 1654 Dicunt
305 1593 410 1656 eciam
427 1594 517 1676 quod
535 1593 707 1675 Johannes
727 1592 770 1657 de
787 1591 969 1674 Burdeleys
985 1591 1087 1656 habet
1102 1591 1135 1655 in
1151 1592 1269 1656 eadem

162 1694 241 1759 villa
267 1697 438 1780 octoginta
460 1718 553 1762 acras
579 1699 718 1782 singulis
745 1699 841 1762 annis
868 1698 901 1761 in
929 1698 1099 1762 communi
1126 1707 1270 1780 pastura.

162 1799 297 1864 Ponunt
321 1803 426 1866 eciam
452 1803 494 1866 ad
519 1804 704 1886 quamlibet
728 1804 892 1886 virgatam
918 1812 1013 1879 terre,
1035 1812 1179 1885 quatuor
1201 1804 1270 1867 ani-

163 1905 272 1984 malia,
294 1907 419 1970 scilicet
442 1927 554 1990 equos,
577 1909 689 1986 boues,
712 1917 746 1973 et
768 1927 895 1986 vaccas,
920 1917 954 1971 et
977 1916 1121 1990 quatuor
1143 1926 1271 1989 porcos,

161 2019 305 2092 excepta
326 2031 426 2076 mora
474 2012 559 2077 Item
581 2023 711 2096 ponunt
731 2013 773 2076 ad
795 2011 980 2095 quamlibet
1001 2031 1112 2075 acram
1128 2021 1271 2093 quatuor

162 2113 323 2179 bidentes,
379 2115 505 2181 Dicunt
531 2117 638 2180 eciam
666 2118 756 2199 quod
785 2117 818 2179 in
846 2116 964 2180 eadem
991 2115 1070 2179 villa
1095 2117 1181 2180 iacet
1204 2135 1271 2180 una

162 2237 266 2295 mora,
280 2229 315 2282 et
335 2229 465 2303 ponunt
488 2222 530 2285 ad
553 2221 739 2305 quamlibet
759 2221 923 2303 virgatam
944 2231 1031 2284 terre
1050 2221 1270 2304 pertinentem

162 2321 205 2386 ad
227 2324 368 2387 eandem
391 2345 518 2389 moram
540 2326 608 2389 duo
628 2325 795 2403 animalia,
816 2325 942 2390 scilicet
962 2346 1074 2409 equos,
1090 2327 1193 2390 boues
1217 2324 1270 2390 uel

161 2446 289 2503 vaccas,
315 2438 375 2490 etc.
402 2437 463 2492 etc.
521 2428 606 2492 Item
634 2429 750 2493 dicunt
777 2449 876 2512 super
900 2437 1147 2493 sacramentum
1171 2449 1269 2492 suum

161 2533 252 2613 quod
268 2531 438 2614 Johannes
458 2533 502 2597 de
524 2533 707 2616 Burdeleys
727 2533 845 2598 habuit
860 2533 977 2616 viginti
998 2534 1110 2598 aueria
1126 2535 1160 2597 in
1176 2553 1270 2597 mora

161 2636 338 2719 plusquam
361 2636 483 2702 habere
505 2635 621 2702 debuit
648 2637 784 2720 quando
807 2638 908 2702 breue
932 2638 1053 2701 Prioris
1080 2638 1142 2702 luit
1165 2639 1269 2722 impe-

161 2749 295 2805 tratum.
335 2741 461 2805 Dicunt
477 2743 583 2805 eciam
604 2742 695 2824 quod
717 2742 806 2806 idem
828 2741 999 2824 Johannes
1021 2751 1133 2825 potest
1147 2742 1269 2806 habere

162 2865 223 2908 sex
247 2845 358 2908 aueria
381 2847 414 2908 in
438 2847 557 2911 eadem
582 2867 683 2924 mora,
706 2857 740 2910 et
764 2847 854 2929 quod
879 2847 974 2909 Prior
997 2847 1040 2911 de
1068 2846 1270 2912 Bemewelle

161 2957 273 3032 potest
288 2947 411 3013 habere
427 2950 460 3014 in
477 2951 594 3015 eadem
611 2971 705 3015 mora
720 2951 858 3034 triginta
872 2959 907 3012 et
922 2949 990 3012 duo
1005 2950 1125 3014 aueria

286 3177 334 3242 32.
380 3161 431 3226 De
445 3162 636 3245 predonum
658 3163 698 3226 de
727 3161 921 3247 Wygenlrale
941 3181 1028 3226 anno
1050 3163 1145 3246 regui

473 3267 558 3349 regis
579 3265 625 3332 H.
648 3266 719 3350 .lg'7'⁰.
742 3265 954 3350 (1267-68).

227 3429 383 3495 Andreas
397 3431 554 3514 Harneys
566 3431 609 3496 de
621 3430 831 3516 Wygenhale
847 3431 956 3495 tenuit
972 3430 1144 3514 quoddam
1160 3452 1269 3496 mesu-
1284 3455 1351 3496 now
1359 3453 1402 3496 ne

161 3537 274 3618 agium
291 3545 324 3599 et
339 3535 457 3616 xxiiij.
470 3555 563 3599 acras
579 3545 664 3600 terre
680 3543 714 3598 et
729 3534 813 3598 duas
829 3555 922 3598 acras
939 3536 1024 3618 prati
1040 3536 1083 3600 de
1100 3535 1212 3600 Priore
1227 3537 1270 3601 de
1283 3503 1435 3597 {libila

162 3639 362 3704 Bemewelle
389 3639 422 3702 in
449 3640 567 3703 eadem
595 3639 672 3702 villa
698 3636 740 3701 de
766 3637 987 3721 Wygenhale,
1014 3638 1186 3703 reddendo
1213 3661 1271 3724 per
1283 3605 1394 3746 {iffi
1397 3626 1406 3638 ¹

161 3762 286 3807 annum
313 3753 381 3806 tres
407 3740 531 3806 solidos
559 3741 708 3806 redditus
734 3751 768 3805 et
794 3742 983 3824 scutagium
1012 3763 1088 3806 cum
1113 3745 1270 3810 euenerit.
1284 3755 1369 3847 0:202·
1381 3734 1424 3848 [he

163 3847 241 3930 Quo
270 3846 436 3923 defuncto,
464 3848 535 3910 sine
565 3845 687 3910 herede
716 3847 759 3910 de
789 3866 927 3928 corpore
954 3866 1024 3924 su0,
1052 3849 1210 3912 successit
1240 3849 1270 3912 ei
1281 3805 1418 3958 {3¹21}th

161 3952 307 4036 jacobus
333 3951 526 4036 capellanus
551 3961 712 4034 tanquam
740 3951 927 4034 proximior
953 3952 1023 4014 eius
1050 3952 1155 4031 heres,
1183 3951 1270 4015 filius
1283 3955 1436 4050 mhgg'glw

161 4056 285 4120 scilicet
301 4059 421 4122 sororis
437 4077 503 4120 sue.
544 4055 611 4120 Hic
622 4056 768 4138 Jacobus
784 4067 861 4139 post
878 4068 1019 4120 mortem
1035 4057 1116 4122 dicti
1133 4057 1250 4123 Andre
1283 4056 1410 4158 {sschjssp

162 4163 301 4226 accessit
316 4163 358 4226 ad
374 4162 534 4244 Jolanum
551 4161 694 4244 priorem
711 4163 753 4226 ad
771 4161 961 4226 laciendum
977 4163 1007 4226 ei
1023 4163 1218 4244 homagium
1236 4173 1270 4227 et
1282 4155 1394 4258 iffi„

163 4276 274 4330 cetera
285 4287 349 4352 que
361 4267 468 4331 lacere
480 4267 596 4330 debuit
612 4287 672 4348 pro
687 4275 882 4330 tenemento
897 4267 987 4350 quod
1000 4265 1043 4330 de
1054 4287 1095 4330 eo
1111 4267 1270 4331 clamauit
1283 4285 1300 4335 1.
1314 4285 1371 4349 441>

163 4381 277 4434 tenere
297 4391 356 4454 per
376 4382 517 4437 mortem
539 4371 620 4436 dicti
642 4370 787 4436 Andree.
834 4372 927 4435 Prior
948 4392 1037 4450 uero,
1056 4371 1271 4436 considerans
