3192 5102
370 395 438 468 252
671 373 866 450 Hundred
886 377 936 475 of
962 377 1165 477 Wetmky
1355 379 1473 479 [soor

366 557 408 622 de
432 557 596 636 Scalariis‚
619 568 652 623 et
675 558 777 624 debet
798 561 825 624 ,ἰ.
851 572 977 625 sectam
1000 572 1036 628 et
1056 562 1099 627 de
1119 562 1247 626 auxilio
1269 563 1474 628 vicecomitis

366 660 471 745 .viij.d.
519 662 648 728 ibidem
673 664 858 728 Abbatissa
879 666 924 731 de
939 666 1095 731 Chateriz
1117 667 1218 732 debet
1242 668 1270 732 ,ἰ.
1291 679 1418 734 sectam
1443 677 1474 732 et

365 777 444 832 sunt
468 769 591 835 ibidem
615 769 655 834 .ii.
671 769 750 833 hide
771 771 957 853 geldabiies
980 781 1014 836 et
1036 771 1184 836 dimidia
1231 773 1278 836 Et
1300 773 1472 838 sciendum

365 875 456 958 quod
472 874 642 940 abbatissa
659 873 768 938 reddit
779 895 972 958 perannum
984 897 1047 941 .vs.
1063 897 1124 960 pro
1136 885 1236 954 secta,
1247 877 1335 942 etde
1346 876 1474 942 auxilio

365 978 569 1044 vicecomitis
584 978 614 1062 .j.
630 979 834 1062 quarterium
851 980 1017 1046 frumenti.

430 1082 592 1148 Barintou
614 1083 853 1168 [Barringtoni
900 1084 1123 1170 Baidewynus
1144 1086 1187 1151 de
1202 1088 1273 1152 Ver
1295 1097 1388 1154 tenet
1408 1087 1472 1152 ‚iiii

365 1200 493 1272 partem
526 1189 613 1254 feodi
644 1190 672 1273 .j.
704 1191 818 1255 militis
848 1190 891 1255 de
921 1191 1060 1256 baronia
1091 1191 1286 1258 Munfichet.
1342 1190 1470 1257 Ibidem

364 1303 473 1360 totum
497 1295 691 1379 homagium
720 1295 854 1360 Ricardi
879 1296 922 1360 de
950 1295 1135 1362 Munfichet
1157 1297 1259 1362 debet
1280 1296 1323 1362 de
1344 1295 1471 1361 auxilio

363 1399 568 1464 vicecomitis
605 1421 699 1464 ,xx.s.
736 1422 796 1484 per
832 1421 967 1466 annum.
1025 1400 1154 1466 ibidem
1193 1401 1349 1466 Warinus
1386 1401 1469 1464 filius

366 1503 524 1568 Wiiieimi
561 1503 664 1570 debet
694 1503 722 1570 ,ἰ.
752 1512 877 1568 sectam
916 1525 977 1590 pro
1015 1504 1161 1569 Ricardo
1194 1504 1238 1569 de
1276 1503 1468 1569 Munfrchet

364 1608 495 1675 ibidem
513 1608 697 1675 Abbatissa
718 1608 761 1672 de
784 1606 940 1673 Chateriz
962 1607 1065 1673 debet
1080 1609 1108 1673 .i.
1123 1619 1249 1674 sectam
1273 1618 1308 1673 et
1326 1617 1407 1672 sunt
1426 1607 1468 1672 ibi

363 1714 412 1780 .vi.
428 1713 507 1779 hide
522 1713 713 1798 geldabiies.

428 1818 585 1883 Karleton
612 1819 640 1902 [Ρ
658 1817 827 1901 Harlton].
873 1817 1026 1902 Rogerus
1053 1818 1097 1882 de
1125 1817 1350 1902 Huntingseid
1378 1826 1468 1884 tenet

363 1921 497 1987 ieodum
515 1922 542 1986 ,ἰ.
556 1922 669 1988 militis
684 1925 727 1989 de
743 1923 875 1989 Comite
892 1923 1080 1988 Giouernie.
1127 1923 1256 1988 Ibidem
1274 1923 1469 1988 Alexander

364 2027 518 2092 Maniant
533 2037 625 2092 tenet
646 2027 780 2092 feodum
802 2027 932 2092 dimidii
954 2028 1068 2092 militis
1084 2028 1127 2092 de
1142 2028 1279 2093 baronia
1303 2028 1468 2093 Hamonis

364 2131 481 2209 Peche,
503 2142 536 2196 et
559 2132 661 2197 debet
675 2133 703 2198 ,ἰ.
719 2143 855 2209 sectam,
877 2142 911 2196 et
934 2132 977 2196 de
999 2131 1127 2197 auxilio
1145 2133 1349 2198 vicecomitis
1371 2132 1467 2196 ,xiid

365 2237 528 2302 Raduiius
559 2236 724 2303 Carbonei
754 2235 856 2300 debet
881 2237 909 2302 ,ἰ.
936 2246 1072 2314 sectam,
1097 2237 1200 2302 etde
1228 2236 1358 2301 auxilio
1383 2237 1468 2301 vice-

362 2343 494 2407 comitis
516 2341 657 2425 .xij.[d.]‚
679 2353 713 2406 et
735 2351 815 2405 sunt
837 2339 961 2405 ibidem
985 2362 1023 2406 .v.
1046 2340 1124 2405 hide
1146 2339 1340 2424 geldabiles

426 2445 545 2510 Berton
571 2444 734 2532 [Barton].
780 2445 911 2510 Alanus
933 2447 977 2510 de
1001 2446 1124 2510 Berton
1151 2455 1186 2510 et
1212 2446 1391 2530 participes
1417 2446 1466 2510 sui

361 2563 475 2616 tenent
500 2551 597 2617 seoda
619 2552 660 2617 ,ii.
684 2551 826 2617 miiitum
850 2552 893 2615 de
915 2549 1054 2614 baronia
1077 2550 1210 2632 Leydet
1232 2559 1266 2614 et
1287 2549 1414 2615 debent
1439 2552 1467 2614 ,ἰ.

360 2668 485 2722 sectam
523 2667 557 2722 et
587 2656 659 2741 [de]
689 2657 817 2720 auxiiio
855 2654 1061 2720 vicecomitis
1099 2655 1177 2736 ‚iija
1202 2654 1273 2738 rjai.
1335 2655 1466 2720 ibidem

362 2763 529 2828 Robertus
545 2759 876 2846 [Cantabrigiensis]¹
892 2769 984 2824 tenet
1002 2759 1029 2824 ,ἰ.
1047 2759 1161 2823 hidam
1182 2768 1268 2823 terre
1283 2758 1325 2822 de
1341 2759 1467 2822 honore

359 2975 408 3037 .vi.
425 2973 502 3037 hide
517 2970 701 3056 geldabiies
715 2981 749 3033 et
764 2969 889 3034 debent
905 2969 1112 3052 pontagium.

426 3077 617 3143 Cumberton
653 3071 895 3158 [Combertonl.
955 3071 1126 3155 johannes
1163 3072 1206 3136 de
1244 3069 1464 3156 Cotenh[am]

358 3193 450 3248 tenet
477 3182 610 3248 ieodum
639 3182 666 3244 ,ἰ.
694 3179 807 3243 militis
833 3179 876 3241 de
904 3177 1009 3244 Saero
1035 3177 1077 3240 de
1105 3177 1232 3242 Sancto
1258 3175 1399 3240 Andrea
1421 3177 1464 3240 de

358 3288 482 3352 honore
509 3285 653 3358 Peuerel,
680 3293 713 3348 et
739 3281 840 3346 debet
863 3281 1009 3346 wardam
1035 3281 1144 3346 Castri
1169 3280 1252 3344 inira
1278 3301 1404 3344 annum
1429 3291 1464 3347 et
1572 3299 1576 3356 ,Ι

356 3391 532 3458 dimidium
564 3388 737 3454 dimidiam
769 3405 925 3450 marcam.
971 3385 1018 3450 Et
1047 3393 1127 3448 sunt
1159 3384 1282 3449 ibidem
1313 3385 1354 3467 ij.
1385 3384 1463 3449 hide

355 3497 547 3582 geldabiies.

238 3610 254 3658 r.
274 3611 342 3672 ¹47b
423 3601 608 3667 Grantescte
638 3595 891 3681 [Grantchester
916 3593 994 3657 with
1026 3591 1158 3676 Coton].
1205 3593 1462 3659 Bartholomeus

357 3705 484 3770 Pecche
505 3713 596 3768 tenet
618 3703 644 3766 .i.
667 3699 800 3764 ieodum
825 3707 864 3775 et*
880 3697 1059 3761 dimidium
1082 3696 1125 3760 de
1151 3695 1277 3760 honore
1302 3697 1461 3762 Bononie.

357 3811 486 3875 ibidem
520 3805 686 3871 Robertus
716 3803 747 3868 le
782 3801 851 3885 Eyr
885 3801 987 3867 debet
1021 3809 1147 3865 sectam
1183 3811 1218 3865 et
1254 3805 1460 3885 pontagium.

356 3917 486 3980 Ibidem
524 3913 660 3977 Hawisa
690 3910 733 3975 de
764 3909 885 3993 Quinci
918 3917 1010 3972 tenet
1042 3907 1176 3972 feodum
1210 3907 1237 3971 .i.
1272 3906 1387 3969 militis
1418 3907 1459 3972 de

353 4021 479 4086 honore
506 4018 549 4082 de
578 4017 764 4080 Mortumer
790 4035 903 4078 versus
927 4013 1084 4078 Wailiam
1112 4022 1147 4076 et
1171 4012 1272 4076 debet
1296 4013 1458 4076 auxilium

353 4124 558 4192 vicecomitis
580 4120 679 4203 .xij.d.
727 4118 856 4184 ibidem
879 4118 1044 4181 Henricus
1062 4118 1106 4180 de
1125 4116 1264 4180 Rondes
1279 4125 1372 4180 tenet
1394 4117 1460 4182 seo

352 4234 432 4296 dum
454 4229 585 4294 dimidii
607 4225 720 4290 militis
739 4225 781 4289 de
802 4223 939 4288 baronia
956 4220 1087 4304 Leydet
1104 4231 1137 4286 et
1158 4221 1259 4286 debet
1275 4223 1302 4286 ,ἰ.
1324 4233 1459 4302 sectam,

352 4346 385 4402 et
401 4338 444 4401 de
459 4334 587 4400 auxilio
602 4330 807 4396 vicecomitis
824 4327 923 4409 .xij.d.

481 4463 490 4495 ¹
508 4459 709 4516 Ceutuarieusis,
722 4457 781 4509 Ms.
815 4457 863 4508 See
875 4456 931 4506 Red
938 4455 1005 4508 Book
1015 4455 1090 4521 astho
1101 4456 1254 4521 Exchequer.
1267 4458 1324 4508 800.
