3212 5064
351 393 396 466 52
651 370 763 468 King
786 369 962 444 Edward
982 368 1156 467 confirms
1338 365 1458 466 [Boou

184 563 290 666 Jffiffl
299 611 327 654 of
350 559 530 625 canonicus
565 569 738 643 tamquam
774 566 963 622 attomatus
999 555 1120 619 Prioris
1156 555 1204 619 sui
1241 554 1295 617 die
1330 561 1457 618 statuto

185 663 329 756 ffsogffl·
351 664 473 749 optulit
503 686 540 729 se
569 683 681 728 coram
708 661 901 746 justiciariis
931 661 1059 725 domini
1088 659 1191 742 Regis
1218 659 1251 722 in
1277 658 1395 736 banco,
1424 669 1458 722 et

186 765 287 857 ffiff‘
351 769 559 854 presentibus
594 769 733 833 domino
768 767 923 850 Johanne
952 768 995 831 de
1027 766 1180 849 Kyrkebi
1215 775 1295 830 tunc
1330 762 1456 827 domini

187 871 333 958 3¹3}ssss
352 875 456 959 Regis
490 873 713 938 Thesaurario
755 881 789 937 et
831 872 971 935 domino
1012 871 1167 955 johanne
1203 870 1247 933 de
1289 867 1458 950 Berewyk,

187 967 326 1058 mm„
352 979 488 1043 domine
512 979 642 1062 Regine
666 977 804 1054 Clerico,
821 975 1001 1059 multisque
1021 975 1148 1039 domini
1171 975 1274 1056 Regis
1296 972 1459 1047 fidelibus,

144 1120 145 1124 =
187 1066 304 1166 RQ
351 1078 429 1142 lecit
459 1079 628 1163 predictus
658 1079 839 1142 canonicus
869 1077 1004 1140 nomine
1036 1075 1157 1140 Prioris
1186 1076 1311 1140 dictam
1346 1093 1457 1155 recog-

185 1167 327 1269 ffifffl·
351 1180 525 1256 nicionem,
547 1189 582 1243 et
604 1187 655 1243 est
678 1176 875 1242 inrotulacio
897 1175 992 1240 talis:

529 1407 580 1474 27.
624 1390 821 1456 Inrotulatio
844 1391 879 1454 in
903 1389 1007 1455 banco.
1054 1389 1275 1473 Cantebregia.

405 1531 572 1601 Preceptum
590 1529 642 1583 fuit
660 1526 827 1596 vicecomiti,
840 1527 917 1598 quod
933 1525 1028 1581 venire
1046 1527 1150 1582 laceret
1168 1525 1215 1580 hic
1233 1525 1271 1581 ad
1289 1524 1364 1580 hunc
1382 1525 1459 1581 diem

352 1619 478 1674 Priorem
502 1619 539 1674 de
565 1617 744 1685 Bemewelle,
769 1616 806 1671 ad
832 1616 1061 1686 cognoscendum
1087 1633 1137 1685 per
1161 1632 1215 1685 que
1239 1613 1358 1670 semicia
1383 1623 1459 1669 tenet

352 1707 510 1762 Prioratum
534 1707 570 1762 de
596 1705 766 1760 Bemewelle
790 1703 827 1760 de
852 1703 980 1758 Gilberto
1006 1703 1133 1770 Pecche;
1161 1719 1216 1774 que
1240 1701 1359 1757 seruicia
1383 1701 1457 1757 idem

352 1793 495 1849 Gilbertus
521 1792 550 1848 in
575 1792 661 1848 Curia
686 1790 773 1861 Regis
795 1791 841 1845 hic
866 1790 1008 1848 concessit
1032 1790 1148 1846 domino
1176 1790 1255 1860 Regi,
1276 1799 1304 1846 et
1326 1790 1458 1845 Atianore

352 1879 460 1949 Regine
481 1879 603 1935 consorti
626 1897 685 1948 sue,
705 1887 734 1934 et
754 1877 905 1935 heredibus
925 1879 1060 1950 ipsorum,
1079 1895 1130 1949 per
1151 1879 1236 1933 linem
1257 1877 1296 1932 ibi
1317 1876 1458 1934 intereos

350 1967 465 2036 lactum,
478 1977 531 2022 eto

404 2057 442 2111 Et
461 2054 541 2110 Prior
556 2055 634 2111 uenit
651 2064 679 2111 et
694 2053 828 2124 cognouit
844 2055 921 2126 quod
937 2064 1016 2110 tenet
1032 2053 1140 2109 dictum
1158 2052 1316 2110 Prioratum
1334 2054 1370 2110 de
1382 2053 1458 2110 dicto

352 2143 479 2199 Gilberto
497 2143 524 2198 in
541 2143 659 2199 liberam
676 2161 776 2214 puram
792 2152 821 2199 et
836 2153 1002 2214 perpetuam
1014 2142 1208 2211 elemosinam,
1220 2151 1249 2199 et
1262 2143 1415 2198 attornauit
1428 2161 1459 2198 se

350 2232 458 2288 eisdem
480 2241 508 2286 et
528 2231 595 2286 iecit
617 2232 659 2288 eis
680 2231 853 2300 fidelitatem,
875 2249 926 2303 per
947 2232 1174 2302 assignacionem
1197 2232 1315 2303 predicti
1339 2232 1458 2287 Gilberti

350 2321 507 2377 secundum
525 2322 645 2376 formam
667 2331 744 2376 carte
763 2321 881 2392 predicti
905 2321 1024 2378 Gilberti
1045 2322 1119 2378 facte
1139 2321 1227 2377 Priori
1249 2331 1278 2377 et
1300 2321 1458 2377 Conuentui

350 2409 386 2464 de
400 2409 580 2476 Bemewelle,
594 2409 630 2464 de
643 2409 706 2480 jure
722 2408 924 2465 aduocacionis
939 2409 1066 2480 predicte
1083 2410 1215 2467 habende
1231 2418 1357 2481 tempore
1376 2425 1458 2464 uaca-

350 2496 440 2552 cionis
453 2496 481 2552 in
496 2495 623 2551 Prioratu
636 2495 772 2567 predicto,
786 2505 838 2552 etc.

419 2594 493 2658 Hec
509 2593 705 2657 inrotulacio
721 2595 908 2659 inuenietur
918 2593 962 2657 de
973 2595 1143 2676 quindena
1155 2603 1269 2658 sancte
1285 2593 1458 2658 Trinitatis

350 2693 440 2777 apud
457 2692 793 2757 westmonasterium
818 2693 851 2756 in
876 2693 997 2757 Banco.
1044 2691 1147 2757 Anno
1167 2695 1259 2776 regni
1281 2693 1367 2777 regis
1390 2691 1458 2758 Ed·

351 2797 452 2862 wardi
476 2795 533 2880 filij
559 2797 645 2880 regis
670 2796 809 2861 Henrici
832 2795 904 2879 xij⁰.

251 3013 269 3064 f·
285 3015 338 3077 ηδ
361 3013 411 3075 28.
456 3010 507 3074 De
529 3008 770 3093 confirmacione
791 3009 894 3093 Regis
915 3009 1086 3075 Edwardi
1105 3020 1241 3096 tempore
1263 3011 1449 3076 uacan'onis.

187 3183 254 3227 now
265 3181 332 3224 reor
420 3153 497 3236 Hijs
520 3154 567 3218 ita
589 3151 701 3236 gestis,
724 3153 892 3236 predictus
916 3153 1010 3217 Prior
1031 3153 1161 3238 Symon
1186 3151 1401 3218 considerans
1423 3171 1459 3216 se

186 3235 319 3336 ξξῇζζῃγ
351 3262 385 3318 et
415 3254 589 3318 ecclesiam
621 3273 715 3318 suam
747 3252 849 3317 alium
880 3253 1004 3319 habere
1031 3264 1209 3339 patmum
1236 3276 1338 3340 ‘luam
1368 3254 1459 3341 Prius

186 3334 302 3426 ffl’t'tfssffd
351 3353 522 3431 habuerat,
546 3362 581 3418 et
604 3373 640 3417 se
664 3353 717 3418 uel
740 3373 818 3416 suos
843 3374 1047 3419 successores
1072 3375 1137 3419 non
1163 3375 1261 3438 posse
1283 3375 1359 3420 cum
1383 3374 1460 3439 rege

186 3439 306 3536 iiiiii?
351 3456 478 3540 expari,
499 3458 584 3521 sicut
606 3477 684 3520 cum
707 3467 850 3541 patrono
870 3459 1079 3541 precedente,
1094 3458 1309 3535 confabulari,
1329 3458 1461 3537 timens,

187 3533 328 3635 diffisi
352 3583 394 3626 ne
436 3571 588 3645 tempore
627 3561 816 3626 uacacionis
854 3562 1072 3626 exchaetores
1111 3563 1239 3627 domini
1281 3564 1384 3647 Regis
1425 3584 1461 3627 se

186 3633 329 3776 {affigat
351 3668 568 3743 intruderent,
594 3676 628 3731 et
653 3665 825 3730 ecclesiam
850 3665 941 3730 illam
967 3665 1254 3750 dampnificarent,
1280 3669 1461 3751 prudenter

185 3785 338 3878 pfflffi
351 3791 431 3834 sane
447 3771 586 3846 studuit,
600 3779 634 3835 et
650 3771 738 3834 bone
753 3764 915 3835 memorie
934 3770 1108 3834 dominum
1126 3770 1310 3834 Robertum
1329 3771 1462 3849 Burnel,

208 3885 304 3976 impr
350 3875 477 3938 domini
497 3875 600 3958 Regis
616 3884 696 3938 tunc
713 3873 968 3950 Cancellarium,
983 3874 1046 3937 sibi
1067 3873 1266 3957 placabilem
1283 3874 1368 3941 lecit.
1414 3875 1461 3941 Et

186 3985 275 4027 Peste·
352 3999 411 4064 per
426 3978 529 4062 ipsius
546 3977 742 4060 Cancellarij
760 3978 923 4041 auxilium
944 3977 1091 4060 optinuit
1112 3979 1240 4041 domini
1263 3979 1366 4062 Regis
1382 4001 1461 4044 con·

351 4082 576 4147 firmacionem
593 4082 627 4145 in
643 4081 705 4145 hac
722 4081 847 4146 forma:

350 4209 525 4268 Eadwardus
540 4207 584 4264 dei
599 4207 694 4278 gracia
707 4218 758 4264 etc.

404 4297 525 4354 Litteras
542 4296 615 4352 inter
631 4295 749 4352 dilectos
766 4296 848 4352 nobis
865 4296 894 4350 in
913 4297 1027 4352 Christo
1046 4297 1171 4353 Priorem
1189 4309 1217 4354 et
1231 4299 1412 4355 Conuentum
1425 4299 1462 4355 de

351 4385 521 4442 Bemewelle
539 4401 573 4440 ex
590 4393 671 4453 parte
690 4401 754 4453 vna,
773 4392 801 4440 et
820 4383 953 4439 dilectum
972 4394 1000 4439 et
1018 4384 1132 4440 fidelem
1151 4397 1277 4442 nostrum
1300 4387 1460 4446 Gilbertum
