3212 5064
363 383 411 453 34
704 359 874 435 Election
900 361 948 458 of
964 385 988 434 a
1014 359 1137 435 Prior

362 547 522 619 specialiter
545 547 682 619 deputato
706 548 877 602 mandamus
903 556 931 602 et
955 547 1159 603 committimus
1179 547 1312 620 quatinus
1333 546 1404 602 cites
1425 561 1474 600 seu

362 635 443 690 citari
455 636 544 692 iacias
556 645 584 692 et
597 652 714 692 moneas
727 635 917 708 peremptorie
930 638 966 691 N.
978 637 1014 691 N.
1028 636 1198 692 confratrem
1210 645 1238 692 et
1251 633 1473 690 concanonicum

362 734 490 780 nostrum
501 735 530 780 vt
540 724 649 780 intersit
662 723 812 780 nobiscum
826 725 854 780 in
867 725 991 793 capitulo
1001 733 1098 779 nostro
1108 723 1248 794 prioratus
1257 723 1293 777 de
1304 721 1474 776 Bemewelle

362 828 463 882 perse
483 813 529 867 vel
550 829 601 882 per
622 821 830 883 procuratorem
851 828 934 866 suum
954 812 990 866 N.
1010 812 1057 866 die
1074 811 1182 866 mensis
1202 812 1238 865 N.
1258 809 1294 863 ad
1313 808 1474 878 eligendum

363 899 511 954 nobiscum
521 900 665 956 Pastorem
676 910 705 955 et
715 901 839 955 Priorem
848 877 987 966 futurum
1001 916 1085 970 quem
1095 899 1246 955 terminum
1255 899 1473 968 peremptorium

363 985 418 1041 sibi
435 986 615 1058 assignamus
631 999 746 1059 propter
758 989 867 1042 viarum
880 987 1053 1054 discrimina,
1066 987 1225 1042 animamm
1237 986 1362 1058 pericula
1377 986 1474 1056 damp-

364 1091 457 1146 naque
465 1073 543 1146 [que]
551 1075 715 1146 contingere
723 1077 814 1131 solent
822 1084 949 1146 tempore
957 1075 1117 1132 vacacionis
1125 1074 1259 1130 euitanda
1266 1085 1294 1130 et
1304 1075 1341 1129 ad
1349 1074 1474 1129 dandum

363 1163 446 1218 nobis
463 1165 614 1218 consilium
631 1165 754 1220 salutare
771 1163 799 1219 in
816 1173 875 1219 tam
892 1165 981 1219 arduo
997 1163 1131 1234 negoci03
1150 1175 1235 1233 atque
1253 1174 1281 1218 te
1299 1173 1396 1218 tenore
1415 1179 1475 1233 pre-

363 1249 490 1306 sencium
511 1251 632 1306 citamus
653 1261 680 1306 et
700 1267 849 1306 monemus
870 1260 900 1305 vt
921 1250 968 1306 die
989 1249 1116 1320 predicto
1135 1249 1285 1305 nobiscum
1307 1249 1418 1304 intersis
1438 1249 1473 1304 ad

363 1338 526 1408 eligendum
534 1348 561 1394 et
570 1338 717 1394 consilium
726 1339 852 1394 dandum
862 1350 1012 1409 ceteraque
1021 1337 1389 1410 iaciendaexpediendaque
1397 1334 1476 1410 [que]

364 1426 393 1479 in
406 1425 460 1480 hoc
473 1427 594 1496 negocio
607 1437 671 1481 sunt
684 1426 845 1482 necessaria
857 1438 885 1481 et
902 1437 1042 1510 oportuna
1055 1436 1082 1481 et
1094 1426 1162 1498 quid
1177 1423 1276 1481 feceris
1289 1425 1317 1478 in
1331 1423 1475 1496 premissis

364 1529 417 1568 nos
439 1513 524 1568 dictis
546 1515 592 1568 die
614 1523 643 1568 et
663 1515 726 1569 ioco
748 1515 802 1569 sub
826 1515 919 1584 sigillo
943 1514 1086 1570 autentico
1107 1515 1152 1568 vel
1173 1514 1236 1568 viue
1260 1513 1338 1568 vocis
1362 1514 1475 1569 oraculo

364 1601 520 1656 certificare
531 1618 620 1657 cures.
658 1603 765 1658 Datum
783 1605 836 1658 sub
848 1603 941 1674 sigillo
956 1604 992 1658 N.
1006 1605 1095 1659 nostri
1109 1605 1146 1659 N.
1160 1604 1206 1659 die
1218 1602 1325 1659 mensis
1340 1603 1376 1658 N.
1390 1605 1475 1658 Anno

364 1687 474 1744 domini
486 1689 636 1745 millesimo
649 1690 928 1762 quadringentesimo
941 1689 1018 1762 etc.¹]
1329 1681 1333 1688 ’

691 1853 700 1887 ¹
720 1856 751 1907 Io
762 1873 778 1906 a
788 1855 856 1907 hand
868 1857 896 1908 oi
904 1858 947 1908 the
962 1858 1019 1920 rsth
1030 1835 1141 1924 century.
