3192 5102
372 365 443 452 296
722 362 760 435 T
754 372 885 436 enanis
911 360 952 435 in
978 363 1112 436 Boura
1357 359 1469 460 [uoou

368 548 610 632 Apostolorum
628 551 716 617 Petri
730 562 765 615 et
778 551 881 628 Pauli,
896 550 1045 634 qualibet
1059 549 1248 633 septimana
1262 558 1330 614 tres
1345 569 1469 632 operas.

368 663 402 716 et
431 654 538 720 arabit
568 667 605 720 ut
635 676 744 740 supra,
774 657 836 720 nisi
868 655 989 720 festum
1019 655 1216 740 impedierit.
1263 655 1311 724 Et
1338 675 1361 718 a
1391 653 1472 718 lesto

369 756 542 825 beatorum
567 762 655 827 Petri
678 772 712 827 et
736 761 828 826 Pauli
853 782 958 846 usque
979 761 1022 825 ad
1041 761 1162 825 loetum
1178 761 1284 824 sancti
1303 758 1474 824 Michaelis

369 862 517 946 qualibet
540 867 727 950 septimana
757 869 903 950 quinque
929 887 1055 950 operas.
1103 866 1155 930 lta
1183 865 1311 930 scilicet
1339 865 1474 948 quando
1544 901 1560 927 n

368 967 468 1033 debet
484 971 638 1036 triturare
658 973 690 1035 in
711 972 851 1056 grangia
871 972 972 1036 debet
992 972 1144 1035 triturare
1165 969 1280 1051 xxiiij.
1296 969 1422 1051 garbas
1436 969 1475 1032 de

370 1073 545 1150 frumento,
574 1085 609 1140 et
638 1076 681 1140 de
710 1076 813 1140 ordeo
836 1097 930 1140 ‚xxx.
961 1075 1089 1159 garbas.
1134 1073 1180 1136 Et
1208 1075 1346 1156 quando
1376 1072 1475 1136 debet

369 1177 501 1253 fossare,
525 1177 626 1244 debet
649 1177 772 1244 lossare
802 1179 976 1243 dimidiam
999 1198 1110 1242 acram
1133 1177 1176 1242 de
1199 1176 1327 1242 fossato
1348 1187 1473 1260 aperto
1558 1215 1559 1220 κ

368 1283 415 1346 Et
437 1285 480 1347 de
503 1283 629 1348 fossato
651 1285 694 1349 de
717 1305 807 1349 nouo
830 1284 919 1348 facto
942 1303 1041 1347 vnam
1064 1281 1181 1348 rodam
1204 1303 1266 1365 pro
1287 1302 1355 1345 vno
1375 1301 1474 1365 opere
1558 1335 1559 1374 ,

368 1385 556 1470 separatim.
602 1386 648 1451 Et
676 1387 829 1471 operabit
858 1388 892 1451 in
915 1387 1005 1451 curia
1027 1407 1088 1469 pro
1113 1407 1180 1449 vno
1204 1406 1304 1468 opere
1330 1407 1352 1449 a
1376 1404 1474 1449 mane
1558 1381 1560 1416 ³

368 1511 473 1573 usque
487 1490 531 1555 ad
552 1491 668 1555 horam
689 1513 821 1557 nonam.
867 1493 913 1556 Et
933 1491 1087 1556 serclabit
1107 1511 1165 1574 per
1179 1500 1288 1554 totum
1303 1490 1396 1555 diem
1418 1509 1476 1572 pro

367 1616 434 1660 vno
449 1616 558 1679 opere.
604 1597 649 1662 Et
669 1597 818 1662 auerabit
839 1597 929 1682 apud
952 1596 1162 1671 Bernewelle,
1177 1595 1229 1660 vel
1244 1593 1336 1678 apud
1353 1593 1473 1659 Canto

367 1699 519 1783 brigiam,
534 1703 575 1765 ad
593 1701 800 1766 voluntatem
824 1701 951 1764 domini
975 1701 1095 1764 Prioris
1115 1721 1176 1783 pro
1191 1720 1257 1763 vno
1274 1719 1385 1781 opere.
1432 1697 1474 1760 Et

367 1803 503 1868 salcabit
519 1826 580 1888 pro
595 1827 695 1889 opere
713 1806 897 1872 allocando.
943 1807 989 1870 Et
1005 1807 1077 1889 ipsa
1091 1814 1124 1869 et
1140 1805 1220 1888 socij
1236 1806 1286 1869 sui
1303 1802 1474 1868 habebunt

366 1929 427 1972 sex
444 1908 604 1974 denarios.
651 1911 697 1975 Et
715 1913 861 1976 seruiens
876 1911 1003 1976 domini
1021 1911 1141 1974 Prioris
1157 1911 1265 1973 tradet
1280 1909 1310 1972 ei
1326 1909 1475 1990 quinque

367 2033 432 2076 oua
455 2033 621 2092 aucarum,
644 2016 695 2079 vel
719 2015 909 2098 quindecim
937 2036 1001 2078 oua
1031 2015 1227 2096 gallinarum
1258 2011 1301 2075 ad
1331 2012 1472 2095 quadra·
1558 2075 1560 2112 ἰ

366 2117 537 2199 gesimam.
584 2119 630 2183 Et
642 2118 729 2182 idem
745 2119 957 2202 respondebit
969 2118 1124 2181 seruienti
1137 2118 1192 2181 die
1202 2118 1307 2180 sancti
1324 2115 1415 2180 Petri
1430 2115 1473 2179 ad

368 2219 514 2286 Uincula
529 2222 572 2285 de
587 2232 730 2305 quatuor
745 2223 845 2286 aucis.
879 2222 926 2286 Et
942 2223 1040 2286 faciet
1055 2221 1139 2286 duas
1154 2220 1347 2305 precarias[
1448 2218 1474 2302 ]¹
1558 2261 1560 2284 ÷

365 2324 409 2390 ad
435 2325 546 2390 cibum
572 2327 699 2391 domini
723 2329 756 2391 in
779 2340 973 2412 autumpno.
1019 2326 1065 2393 Et
1088 2347 1187 2391 vnam
1217 2327 1400 2410 precariam
1432 2324 1474 2388 de
1558 2319 1559 2334 ³

365 2429 496 2493 duobus
526 2430 716 2495 hominibus
745 2431 788 2497 ad
824 2432 935 2497 cibum
965 2432 1091 2497 domini
1123 2433 1156 2496 in
1187 2441 1381 2514 autumpno.
1428 2429 1473 2492 Et

363 2534 500 2599 cariabit
521 2557 639 2601 omnes
659 2558 777 2622 operas
798 2558 874 2602 suas
894 2559 978 2622 quas
994 2536 1145 2621 operabit
1161 2539 1192 2601 in
1209 2547 1396 2619 autumpno
1413 2553 1472 2618 pro

363 2658 465 2721 opera
487 2660 554 2724 que
575 2652 713 2706 vocatur
740 2642 922 2726 Daywyne
970 2642 1041 2706 Nec
1064 2650 1175 2724 potest
1206 2639 1361 2704 maritare
1386 2636 1472 2702 filias
1559 2729 1560 2732 Ἴ

363 2762 440 2806 suas
463 2743 535 2807 sine
559 2743 697 2808 licencia
719 2745 856 2811 domini.

426 2845 598 2928 Johannes
628 2849 671 2912 de
709 2849 821 2914 Bauns
851 2860 943 2915 tenet
973 2870 1073 2914 vnarn
1102 2850 1266 2932 virgatam
1296 2860 1382 2913 terre
1413 2869 1472 2932 per

362 2951 479 3014 eadem
510 2952 657 3030 seruicia,
687 2963 720 3018 et
745 2973 804 3036 per
834 2956 967 3018 easdem
999 2953 1255 3020 consuetudines
1281 2973 1364 3037 quas
1390 2952 1471 3016 lacit

363 3054 498 3137 Agneta
522 3056 695 3138 Wytbred.

269 3168 348 3233 s.167
427 3157 596 3222 Galsridus
635 3159 775 3237 Attehil,
814 3162 937 3228 Cecilia
974 3162 1079 3238 West,
1114 3161 1286 3245 Johannes
1331 3161 1468 3238 Siward,

363 3261 550 3326 Willelmus
572 3264 615 3327 de
639 3263 812 3342 Stantone,
828 3265 996 3330 Galsridus
1018 3265 1122 3342 West,
1140 3264 1295 3328 Albricus
1318 3265 1467 3347 Syward.

364 3364 423 3428 lsti
439 3373 555 3429 tenent
574 3368 699 3433 scilicet
720 3368 860 3450 quilibet
875 3355 1178 3434 eorum'dimidiam
1194 3371 1358 3453 virgatam
1374 3379 1468 3445 terre,

359 3477 393 3532 et
415 3470 603 3552 operabunt
625 3492 684 3555 per
705 3493 851 3537 annum:
874 3475 998 3539 scilicet
1018 3497 1039 3539 a
1059 3473 1144 3538 festo
1165 3476 1270 3539 sancti
1293 3473 1468 3538 Michaelis

360 3593 463 3656 vsque
477 3574 521 3638 ad
538 3575 661 3640 Natale
677 3577 814 3642 Domini
830 3579 970 3661 quilibet
985 3600 1098 3644 eorum
1116 3579 1214 3644 faciet
1230 3579 1263 3642 in
1280 3577 1467 3662 septimana

359 3677 444 3741 duas
459 3699 586 3762 operas,
600 3691 633 3746 et
654 3683 797 3746 arabunt
816 3685 903 3768 sicut
920 3683 1055 3766 Agneta
1070 3694 1104 3747 et
1117 3684 1295 3766 Johannes.
1343 3681 1430 3748 Item
1447 3705 1467 3747 a

360 3781 618 3850 Circumcisione
656 3785 792 3851 Domini
831 3808 935 3871 vsque
978 3789 1021 3852 ad
1061 3789 1331 3853 Purificacionem
1370 3789 1468 3855 beate

361 3886 475 3966 Marie,
491 3891 630 3971 quilibet
650 3893 683 3956 in
706 3894 894 3976 septimana
915 3894 1013 3958 saciet
1037 3905 1103 3958 tres
1123 3915 1241 3977 operas
1265 3894 1328 3957 nisi
1345 3893 1464 3958 festum

360 3991 554 4074 impedierit
600 3996 688 4059 Item
704 4018 725 4060 a
742 3996 978 4061 Purificacione
993 4018 1099 4081 usque
1114 3997 1156 4063 ad
1177 3997 1311 4076 Pascha,
1325 3998 1466 4082 quilibet

359 4096 392 4158 in
408 4097 596 4180 septimana
612 4097 709 4164 faciet
725 4101 810 4164 duas
825 4121 952 4184 operas,
964 4111 997 4165 et
1012 4102 1155 4168 arabunt
1171 4115 1208 4168 ut
1222 4124 1331 4188 supra.
1379 4103 1465 4168 Item

358 4221 378 4262 a
403 4201 532 4267 Pascha
562 4225 666 4288 usque
690 4205 733 4270 ad
765 4204 885 4270 festum
917 4207 1159 4290 Apostolorum
1188 4209 1276 4273 Petri
1306 4218 1340 4272 et
1373 4209 1466 4274 Pauli

357 4304 497 4386 quilibet
527 4308 559 4370 in
590 4310 781 4392 septimana
810 4310 908 4374 saciet
937 4310 1021 4376 duas
1045 4333 1173 4394 operas,
1200 4322 1235 4376 et
1261 4313 1407 4378 arabunt
1430 4325 1467 4378 ut

499 4436 505 4466 ¹
525 4436 599 4488 Alter
613 4439 766 4504 ‘precarias'
778 4439 874 4490 several
885 4440 967 4490 words
979 4440 1043 4492 have
1054 4441 1117 4492 been
1129 4441 1259 4494 scratehed
1271 4449 1324 4492 out.
