3192 5102
130 401 206 490 vn]
495 395 533 468 T
527 404 659 469 enants
685 393 727 468 in
753 395 886 469 Bourn
1172 414 1241 489 297

127 603 242 666 supra.
288 583 374 648 Item
396 604 417 645 a
438 582 523 647 festo
545 581 788 664 Apostolorum
811 581 897 646 Petri
917 591 951 645 et
968 582 1060 645 Pauli
1078 601 1183 665 usque
1199 578 1242 644 ad

130 685 257 752 festum
270 687 385 754 Sancti
399 687 573 752 Michaelis
585 686 726 770 quilibet
738 688 771 749 in
787 687 975 770 septimana
987 685 1085 750 faciet
1100 694 1246 770 quatuor

129 811 262 875 operas,
298 802 332 856 et
369 791 508 876 quilibet
544 813 659 856 eorum
695 791 821 856 secabit
851 812 968 875 operas
1006 812 1071 875 que
1107 800 1245 855 vocatur

131 895 336 979 Daywynee,
365 907 400 961 et
429 896 630 980 reparabunt
657 896 803 973 bladum,
833 906 867 960 et
897 896 1078 960 cariabunt.
1125 896 1170 960 Et
1200 896 1243 960 ad

129 998 219 1065 duas
240 1001 403 1083 precarias
423 1001 564 1085 quilibet
579 1021 693 1064 eorum
710 1000 857 1065 inueniet
873 1001 958 1066 duos
973 999 1133 1077 homines
1150 1009 1184 1064 et
1200 1000 1242 1064 ad

130 1103 271 1167 terciam
309 1105 490 1187 precariam
520 1125 622 1168 vnum
659 1103 839 1180 hominem,
877 1105 920 1168 ad
958 1102 1069 1167 cibum
1107 1103 1243 1168 domini.

132 1207 182 1270 Et
203 1206 342 1290 quilibet
363 1228 477 1272 eorum
498 1207 635 1273 habebit
656 1217 690 1271 et
712 1207 847 1291 recipiet
869 1207 912 1271 de
932 1209 1098 1272 seruiente
1116 1208 1243 1272 domini

130 1311 176 1375 ad
192 1312 483 1395 quadragesimam
504 1313 568 1376 tria
587 1333 653 1377 oua
673 1333 840 1377 aucarum.
888 1312 933 1375 Et
954 1311 1169 1395 respondebit
1190 1311 1244 1376 die

130 1411 240 1476 sancti
262 1411 350 1475 Petri
372 1412 414 1475 ad
440 1411 586 1478 Uincula
607 1412 762 1476 seruienti
784 1411 911 1475 domini
933 1411 977 1474 de
996 1410 1128 1476 duabus
1144 1413 1243 1477 aucis.

133 1514 207 1579 Nec
223 1525 362 1599 possunt
378 1516 534 1580 maritare
549 1513 633 1579 filias
649 1537 726 1580 suas
742 1515 814 1578 sine
830 1513 967 1578 licencia
983 1513 1120 1580 domini.

202 1619 366 1684 Henricus
396 1619 438 1684 ad
479 1622 621 1685 Pontem
653 1631 745 1685 tenet
782 1621 931 1704 quinque
961 1642 1054 1686 acras
1085 1631 1179 1698 terre,
1209 1631 1244 1686 et

131 1722 285 1807 operabit
307 1744 534 1807 perannum:
560 1725 686 1789 scilicet
712 1726 745 1788 in
763 1724 912 1808 qualibet
934 1727 1123 1806 septimana
1146 1723 1244 1790 faciet

130 1836 199 1890 tres
214 1847 342 1910 operas,
358 1827 420 1892 nisi
442 1825 562 1893 festum
582 1829 780 1912 impedierit,
796 1828 948 1911 exceptis
965 1827 1079 1892 Natali
1097 1829 1244 1907 Domini,

133 1931 273 2010 Pascha,
302 1931 514 1998 Pentecostes
526 1955 536 2013 ;
572 1943 608 1998 et
637 1933 774 2017 recipiet
808 1931 876 1998 duo
914 1952 979 1996 oua
1012 1952 1169 1996 aucarum
1200 1933 1243 1998 ad

131 2036 433 2121 quadragesimam,
459 2047 493 2102 et
523 2037 738 2121 respondebit
767 2036 811 2102 de
839 2055 905 2100 vna
935 2056 1019 2101 auca
1047 2033 1090 2100 ad
1121 2035 1242 2101 festum

131 2143 239 2206 sancti
258 2143 343 2207 Petri
360 2143 402 2206 ad
421 2143 575 2220 Uincula,
591 2154 624 2208 et
641 2143 739 2208 faciet
755 2143 936 2227 precariam
952 2143 1038 2205 sicut
1053 2150 1088 2205 et
1103 2141 1169 2224 alij,
1184 2141 1241 2205 sed

133 2267 200 2310 non
216 2245 355 2310 cariabit
371 2266 431 2310 nec
447 2245 604 2311 auerabit

199 2350 305 2415 Elena
324 2350 492 2414 Harscent
503 2359 595 2414 tenet
606 2371 707 2414 vnam
720 2350 870 2426 crottam,
882 2359 916 2413 et
927 2348 1079 2432 operabit
1094 2349 1243 2433 qualibet

132 2457 321 2539 septimana
341 2456 396 2519 die
418 2456 515 2519 Lune
536 2474 636 2519 vnam
658 2475 805 2538 operam,
821 2453 883 2517 nisi
905 2453 1027 2517 festum
1045 2453 1241 2536 impedierit.

134 2559 297 2643 Exceptis
323 2559 446 2624 Natale
470 2559 618 2637 Domini,
640 2559 777 2635 Pascha,
798 2568 833 2623 et
858 2559 1063 2637 Pentecoste,
1086 2567 1121 2622 et
1144 2557 1242 2622 faciet

132 2673 198 2728 tres
228 2664 392 2747 precarias
425 2665 459 2728 in
495 2674 682 2748 autumpno
714 2663 757 2728 de
789 2683 856 2728 vno
886 2662 1022 2727 homine
1055 2662 1098 2728 ad
1129 2663 1240 2729 cibum

131 2767 267 2833 domini.

198 2873 365 2938 Robertus
389 2873 556 2938 Harscent
576 2883 669 2938 tenet
689 2894 788 2937 vnam
810 2873 950 2938 crottam
966 2880 1001 2936 et
1015 2871 1168 2956 operabit
1183 2892 1241 2956 per

132 2999 255 3042 annum
280 2978 428 3062 qualibet
457 2981 646 3064 septimana
669 3001 768 3044 vnam
799 3000 935 3064 operam
959 2979 1002 3044 ad
1033 2978 1239 3043 voluntatem

132 3083 258 3148 domini
297 3084 425 3149 Prioris.
469 3085 517 3149 Et
554 3106 614 3169 per
650 3105 752 3150 vnum
792 3106 939 3150 mensem
979 3086 1012 3148 in
1054 3093 1240 3168 autumpno
1255 3090 1271 3140 s·
1288 3091 1358 3154 ¹671>

132 3187 281 3271 qualibet
302 3189 490 3272 septimana
512 3189 597 3254 duas
619 3210 746 3273 operas,
769 3190 829 3254 sed
852 3209 918 3254 non
943 3189 1041 3255 faciet
1068 3189 1240 3273 precarias.

198 3365 258 3431 Isti
288 3376 367 3431 sunt
397 3367 552 3433 Coterelli
584 3368 705 3433 Prioris
734 3369 777 3432 de
809 3368 1010 3433 Bemewelle
1035 3369 1069 3432 in
1093 3367 1172 3432 villa
1197 3367 1241 3433 de

135 3486 266 3551 Brunne
278 3511 285 3552 ε

196 3625 313 3691 Petrus
337 3627 466 3692 Messor
488 3637 580 3692 tenet
602 3627 774 3712 quoddam
798 3629 948 3694 clausum
968 3629 1013 3694 ad
1032 3630 1239 3695 voluntatem

133 3731 257 3794 domini
282 3732 411 3810 Prioris,
433 3743 468 3798 et
490 3731 591 3798 debet
615 3753 673 3816 per
695 3753 820 3796 annum
843 3732 918 3815 .viij.
943 3732 1105 3797 denarios.

196 3833 320 3899 Cecilia
336 3836 366 3900 le
382 3835 485 3918 Wyte
505 3847 598 3902 tenet
617 3836 789 3920 quoddam
806 3837 955 3902 clausum
972 3837 1015 3902 ad
1031 3839 1239 3904 voluntatem

136 3939 261 4016 Prioris,
275 3949 309 4003 et
325 3939 451 4005 secabit
470 3962 571 4006 vnam
594 3963 705 4005 acram
722 3940 813 4006 bladi
830 3943 862 4006 in
879 3952 1075 4027 autumpn0,
1089 3953 1124 4008 et
1139 3943 1240 4008 debet

134 4063 189 4126 per
203 4064 329 4108 annum
345 4045 412 4128 .xij.
429 4046 591 4112 denarios.

196 4147 325 4230 Symon
341 4149 385 4212 de
400 4149 507 4214 Walis
519 4159 611 4215 tenet
622 4151 794 4233 quoddam
807 4152 957 4216 clausum
973 4153 1016 4216 ad
1031 4152 1239 4217 voluntatem

135 4253 260 4329 Prioris,
276 4264 310 4319 et
324 4254 424 4318 debet
440 4275 499 4338 per
513 4275 638 4319 annum
656 4256 732 4320 .xvi.
748 4254 910 4321 denarios.

196 4357 332 4441 Agneta
361 4360 406 4423 de
436 4360 653 4425 Hennewelle
683 4371 775 4427 tenet
804 4361 977 4444 quoddam
1008 4363 1157 4427 clausum
1195 4365 1238 4428 ad

133 4463 337 4528 voluntatem
363 4465 482 4530 Prioris
505 4477 539 4531 et
561 4466 662 4531 debet
686 4487 744 4549 per
766 4487 891 4530 annum
915 4469 991 4531 ‚xvi
1014 4468 1175 4532 denarios.
