3192 5102
167 383 223 482 tv]
429 385 478 480 of
495 387 536 460 S.
568 385 680 460 Clare
706 396 747 460 at
783 387 1018 462 Waterbeaclz
1203 411 1271 485 215

221 569 369 626 Uniuersis
393 571 496 627 Christi
522 570 653 627 fidelibus
679 581 824 644 presentes
846 571 954 628 litteras
976 574 1145 644 inspecturis
1166 576 1275 645 Gwydo
1288 581 1356 674 ἕξω
1365 582 1406 623 the

165 657 293 714 officialis
312 660 481 715 venerabilis
497 659 591 731 patris'
602 659 709 715 domini
728 661 863 715 Willelmi
880 661 926 716 dei
942 661 1038 732 gracia
1056 662 1188 731 Elyensis
1203 662 1275 733 epis·
1289 642 1432 725 saiv‘eeirlu

165 746 227 816 copi
242 747 361 802 salutern
374 755 402 802 et
414 748 582 803 memoriam
594 748 635 803 rei
648 757 735 819 geste.
1287 731 1418 824 &sigifrid

219 835 291 888 Cum
309 852 397 906 nuper
413 834 518 890 nobilis
533 835 650 890 domina
668 835 807 905 Dyonisia
822 837 857 892 de
874 847 972 892 monte
985 837 1091 893 Caniso
1103 837 1132 892 in
1147 837 1274 894 manerio
1288 833 1439 926 {ffiffifs

164 940 217 978 suo
238 922 274 978 de
293 925 482 981 Waterbeche
503 924 635 994 Elyensis
654 925 809 993 dyoceseos
829 927 1033 982 monasterium
1054 927 1101 998 pia
1119 927 1274 983 deuocione
1288 946 1317 975 a·
1327 939 1419 976 rector·

165 1014 223 1067 suis
251 1013 410 1084 sumptibus
434 1013 601 1081 fundauerit,
627 1014 821 1083 construxerit,
846 1026 874 1071 et
903 1016 1080 1071 abbatissam
1109 1025 1137 1072 et
1164 1033 1274 1072 sorores
1287 983 1425 1077 iiiiiioeuid

166 1101 330 1157 minorissas
359 1101 466 1157 ordinis
498 1103 603 1157 Sancte
628 1102 710 1157 Clare
739 1103 909 1173 plantauerit
934 1103 962 1157 in
991 1104 1100 1172 eadem,
1126 1103 1274 1176 ipsumque
1287 1085 1438 1178 ζῗξὴζῑξξζῃ,

164 1188 322 1245 manerium
341 1206 423 1244 suurn
442 1190 550 1245 eisdem
569 1189 712 1244 sororibus
733 1189 810 1244 dono
830 1201 967 1261 perpetuo
986 1190 1136 1246 contulerit
1154 1191 1192 1246 acl
1213 1209 1272 1246 sus·
1286 1197 1426 1278 ffi‘ssm·

164 1273 355 1334 tentaeionem
376 1294 481 1345 earum,
498 1295 532 1332 ac
555 1275 687 1349 S[ymon]
706 1279 787 1333 Prior
808 1289 835 1334 et
858 1288 1014 1335 conuentus
1034 1280 1070 1334 de
1092 1279 1273 1347 Bemewelle‚
1286 1247 1418 1338 imbuis

164 1376 287 1421 rectores
304 1365 431 1421 eiusdem
448 1365 566 1422 ecclesie
584 1366 620 1421 de
636 1367 835 1432 Waterbeche,
853 1377 881 1422 et
899 1366 1102 1422 Constantinus
1121 1375 1272 1438 perpetuus
1285 1336 1345 1466 ἵζ’

164 1453 283 1508 vicarius
305 1455 441 1520 eiusdem,
461 1471 574 1509 secum
594 1453 736 1508 instancia
754 1454 936 1524 opposuerint
957 1464 1056 1509 contra
1073 1453 1273 1510 fundacionem
1297 1448 1303 1464 ⁸
1334 1431 1347 1464 ²

163 1552 192 1597 et
205 1543 454 1599 conseruacionem
470 1543 525 1598 loci
541 1542 669 1613 predicti,
682 1553 841 1598 asserentes
854 1559 913 1597 non
926 1543 1068 1598 modicam
1081 1543 1217 1602 lesionem
1232 1544 1273 1599 eis

163 1639 192 1684 et
216 1631 334 1686 ecclesie
359 1648 409 1687 sue
433 1647 517 1702 posse
541 1641 569 1686 et
594 1630 699 1687 debere
728 1629 891 1700 contingere
920 1642 948 1686 et
975 1632 1033 1687 suis
1062 1633 1273 1689 successoribus

163 1719 314 1774 occasione
326 1719 463 1789 predicta,
474 1734 524 1789 per
536 1717 742 1773 subtractiones
754 1727 783 1773 et
796 1717 973 1774 retenciones
984 1719 1156 1776 minutarum
1168 1721 1272 1778 decim-

163 1823 244 1862 arum
266 1808 302 1863 de
323 1808 403 1876 lacte,
425 1807 528 1875 vitulis,
549 1806 641 1876 agnis,
666 1807 739 1874 lana,
760 1806 838 1874 ortis,
860 1808 961 1878 pomis,
980 1809 1184 1879 oblacionibus,
1207 1827 1272 1866 con-

163 1895 342 1965 fessionibus,
366 1907 395 1952 et
420 1895 482 1968 alijs
507 1897 544 1952 ad
572 1895 663 1966 ipsam
692 1896 844 1952 ecclesiam
872 1897 909 1952 de
933 1897 1122 1954 Waterbeche
1150 1899 1185 1953 de
1214 1899 1273 1954 iure

163 1985 304 2040 communi
330 1984 433 2040 debitis
458 1995 485 2040 et
510 1985 609 2040 solutis
633 1975 752 2056 pacifice
776 1985 951 2056 temporibus
976 1985 1131 2055 retroactis,
1155 1987 1272 2043 tandem

162 2071 198 2127 de
224 2073 342 2128 consilio
363 2073 451 2143 patris
476 2072 594 2142 predicti
617 2081 645 2126 et
666 2073 786 2127 aliorum
810 2072 966 2127 amicorum
988 2091 1088 2144 pacem
1110 2074 1223 2130 fidelem
1245 2085 1272 2130 et

162 2160 311 2216 honestam
333 2161 568 2230 desiderandum,
590 2161 689 2232 prelati
714 2161 793 2215 Prior
813 2171 841 2216 et
863 2140 1019 2216 conuentus
1041 2161 1076 2217 de
1102 2163 1272 2219 Bemewelle

161 2257 190 2303 et
216 2249 419 2303 Constantinus
444 2248 563 2303 vicarius
588 2265 639 2317 pro
664 2265 695 2302 se
719 2257 747 2301 et
771 2248 829 2302 suis
855 2249 1073 2318 successoribus,
1095 2259 1123 2305 et
1147 2250 1272 2320 prelata¹

162 2337 278 2391 domina
306 2336 423 2391 domina
453 2336 584 2392 Dionisia
607 2335 749 2391 fundatrix
779 2353 830 2407 pro
859 2353 890 2391 se
914 2347 941 2391 et
970 2337 1122 2393 heredibus
1146 2338 1213 2406 suis,
1238 2356 1271 2395 ac

161 2423 305 2478 abbatissa
334 2433 362 2477 et
391 2439 501 2478 sorores
525 2439 576 2492 pro
605 2440 637 2478 se
666 2433 694 2478 et
719 2423 777 2477 suis
804 2423 1022 2490 successoribus,
1049 2439 1079 2478 se
1108 2441 1194 2495 super
1217 2426 1272 2494 hijs

161 2511 294 2566 omnibus
315 2521 343 2566 et
365 2511 482 2582 singulis
504 2521 599 2565 nostre
619 2511 794 2566 ordinacioni
818 2521 918 2581 sponte
939 2522 967 2566 et
987 2512 1143 2568 deliberate
1166 2514 1271 2568 submi-

161 2599 247 2654 serint
266 2617 316 2670 per
332 2600 441 2656 litteras
459 2617 525 2656 suas
544 2609 673 2671 patentes
691 2616 812 2671 quarum
833 2609 916 2655 tenor
932 2600 968 2654 de
988 2601 1075 2656 uerbo
1094 2601 1131 2655 ad
1153 2603 1271 2658 uerbum

161 2688 347 2744 subscribitur
364 2687 392 2742 in
412 2688 467 2742 hac
485 2686 596 2742 forma:

215 2781 315 2834 Pateat
325 2777 461 2833 uniuersis
472 2794 522 2847 per
530 2787 676 2848 presentes
685 2776 763 2847 quod
776 2793 828 2831 nos
842 2778 949 2846 Symon
962 2777 1039 2833 Prior
1051 2789 1080 2834 et
1090 2779 1271 2835 Conuentus²
1284 2783 1396 2826 submi·-

160 2866 279 2922 ecclesie
305 2866 401 2921 Sancti
432 2865 525 2936 Egidij
551 2865 587 2918 de
614 2864 786 2920 Bernewelle
811 2863 993 2918 submisimus
1018 2881 1070 2919 nos
1094 2867 1269 2923 ordinacioni
1283 2834 1424 2927 iiiiii?

161 2954 287 3025 magistri
313 2951 491 3025 G[wydonis]
515 2952 644 3008 officialis
667 2951 837 3007 venerabilis
865 2951 954 3021 patris
978 2952 1086 3008 domini
1112 2934 1433 3038 W[illelmi]7l²ffs¹{'1',‘¹}²,'⁹⁴

160 3043 205 3098 dei
230 3044 326 3113 gracia
350 3043 482 3112 Elyensis
511 3041 637 3113 episcopi
661 3042 689 3095 in
716 3057 803 3096 causa
828 3057 876 3096 seu
902 3041 1088 3096 contencione
1113 3053 1191 3098 mota
1215 3059 1270 3114 que

159 3132 277 3186 uertitur
303 3149 352 3186 seu
380 3130 451 3186 uerti
476 3141 604 3200 speratur
628 3130 702 3184 inter
725 3146 778 3184 nos
801 3139 831 3184 et
857 3129 1074 3186 Constantinum
1103 3141 1270 3202 perpetuum

158 3217 309 3274 vicarium·
328 3217 446 3273 ecclesie
478 3227 574 3273 nostre
602 3217 638 3272 de
670 3216 857 3272 Waterbeche
888 3215 1020 3284 Elyensis
1050 3217 1206 3286 dyoceseos
1236 3235 1270 3272 ex

158 3317 239 3378 parte
256 3324 320 3373 vna,
333 3316 361 3362 et
380 3305 503 3360 nobilem
522 3303 667 3359 dominam
688 3303 857 3374 Dyonisiam
875 3304 911 3359 de
930 3314 1027 3359 monte
1047 3306 1152 3360 Caniso
1168 3307 1269 3362 funda·

159 3394 259 3450 tricem
286 3392 449 3462 monasterii
483 3392 628 3448 abbatisse
658 3403 686 3448 et
717 3408 846 3446 sororum
874 3391 911 3446 de
940 3391 1129 3450 Waterbeche
1161 3393 1269 3450 ordinis

160 3483 257 3539 Sancti
289 3479 449 3538 Francisci³
480 3480 611 3549 Elyensis
642 3479 798 3548 dyoceseos
828 3495 862 3534 ex
895 3479 992 3544 altera,
1025 3481 1154 3538 videlicet
1184 3499 1270 3554 super

159 3572 295 3628 lesionem
315 3571 442 3626 eiusdem
463 3569 582 3624 ecclesie
603 3585 654 3639 per
678 3567 833 3622 aduentum
856 3567 1048 3639 predictarum
1069 3571 1215 3627 abbatisse
1240 3583 1268 3627 et

159 3678 287 3718 sororum
307 3660 335 3715 in
354 3658 481 3730 predicta
500 3658 635 3728 parochia
652 3659 689 3713 de
709 3657 897 3713 Waterbeche
915 3659 1155 3714 commorandum
1173 3661 1267 3731 quoad

159 3750 283 3805 minutas
307 3748 433 3804 decimas
458 3758 486 3802 et
510 3747 702 3802 obuenciones
728 3746 765 3802 de
792 3746 871 3801 curia
899 3746 1014 3801 domine
1040 3747 1178 3818 Dyonisie
1204 3764 1267 3818 pro·

159 3838 304 3895 uenientes
320 3847 349 3892 et
366 3837 402 3891 ad
418 3836 555 3891 vicarium
571 3845 699 3891 nostrum
717 3833 824 3889 ibidem
843 3843 1014 3905 spectantes,
1033 3845 1126 3890 ratum
1144 3835 1266 3891 babituri

159 3941 294 3998 perpetuo
310 3937 338 3982 et
355 3937 466 3995 gratum
481 3940 532 3996 pro
547 3925 632 3980 nobis
646 3935 675 3980 et
693 3924 903 3980 successoribus
920 3925 1024 3980 nostris
1040 3926 1175 3996 quicquid
1191 3926 1268 3981 idem

159 4017 286 4072 officialis
314 4033 399 4086 super
426 4015 570 4086 premissis
597 4013 729 4068 omnibus
760 4024 789 4067 et
815 4029 850 4068 ea
876 4013 1059 4082 tangentibus
1086 4014 1196 4069 duxerit
1224 4032 1266 4070 or·

158 4105 323 4160 dinandum.

212 4197 247 4250 ln
265 4193 345 4250 cuius
364 4193 402 4248 rei
421 4191 614 4248 testimonium
633 4189 757 4261 presenti
777 4190 882 4260 scripto
903 4189 1025 4260 sigillum
1044 4189 1157 4260 capituli
1178 4193 1267 4246 nostri

157 4284 276 4338 fecimus
295 4279 407 4352 apponi.
445 4280 553 4335 Datum
571 4278 600 4333 in
620 4279 744 4349 capitulo
764 4288 861 4332 nostro
880 4277 917 4333 de
937 4278 1106 4334 Bemeuelle
1123 4279 1267 4334 dominica

208 4448 217 4481 ¹
235 4445 338 4513 prelata,
351 4447 409 4498 MS.
572 4445 583 4477 ⁹
599 4453 737 4497 conuentus
748 4445 788 4508 de,
804 4445 861 4496 MS.
1027 4443 1038 4476 ⁸
1053 4443 1173 4503 tramissi,
1187 4443 1244 4496 MS.
