3222 5086
154 388 217 489 111]
358 391 471 489 King
494 391 631 489 Henry
645 391 817 490 fortzfies
846 389 1066 488 Cambridge
1196 413 1263 482 123

152 583 322 658 temptum
356 575 467 658 Regis.
525 574 594 640 Sed
626 575 768 639 ministri
801 575 905 658 Regis
934 586 1079 658 quatuor
1109 595 1153 638 ex
1185 573 1265 656 ipsis
1280 601 1430 646 sumine.

154 678 490 762 comprehenderunt,
514 680 681 761 ceterique
704 678 860 762 sugerunt
883 679 926 744 ad
951 699 1053 743 naues
1080 699 1166 742 suas.
1212 676 1265 741 De
1279 652 1341 746 3¹2²&
1349 652 1431 744 {ihm

154 783 277 867 quibus
292 793 437 866 quatuor
451 783 710 866 comprehensis,
727 794 793 848 tres
810 795 887 848 sunt
906 783 1071 849 decollati.
1117 782 1266 866 Quartus
1281 753 1339 798 ¹⁸¹*

155 909 236 954 uero
258 897 329 953 erat
350 886 519 953 Walterus
541 888 585 953 de
608 887 819 953 Cothenham
843 888 939 953 miles
960 888 1067 953 iactus
1086 888 1119 952 in
1144 887 1266 964 Insula,

154 1003 190 1057 et
217 992 271 1056 hic
297 1002 369 1058 erat
394 992 515 1076 laqueo
541 1011 731 1075 suspensus.
776 992 809 1056 A
837 991 891 1056 die
917 1013 998 1076 ergo
1025 993 1082 1057 illo
1105 992 1194 1057 iacta
1216 1001 1267 1056 est

154 1097 315 1161 securitas
331 1095 562 1161 habitantibus
578 1095 611 1159 in
628 1096 736 1179 patria
752 1094 912 1179 quamdiu
930 1096 1008 1159 Rex
1024 1117 1160 1179 presens
1176 1105 1255 1160 erat.

216 1202 297 1265 Post
308 1222 434 1285 paucos
446 1221 525 1265 uero
541 1201 613 1264 dies
628 1210 792 1265 uenerunt
808 1219 956 1263 rumores
972 1199 1016 1263 ad
1030 1200 1159 1282 Regem
1175 1198 1265 1282 quod
1280 1217 1348 1319 {pap
1356 1215 1431 1308 ppt&

155 1326 270 1370 comcs
286 1305 493 1390 Glou[ernie]
512 1305 696 1370 Gilbertus¹
711 1313 907 1386 occupasset
922 1304 1094 1368 ciuitatem
1112 1304 1266 1382 London,
1279 1318 1342 1410 pacm
1337 1328 1408 1359 new·

156 1420 191 1474 et
214 1410 305 1493 quod
328 1409 458 1494 legatus
483 1409 602 1474 missus
625 1409 659 1472 in
682 1407 843 1492 Angliam
865 1427 885 1472 a
906 1408 1010 1472 latere
1029 1409 1157 1474 domini
1178 1429 1266 1493 pape
1280 1419 1397 1512 &3223

156 1516 313 1580 obsessus
335 1524 406 1580 erat
427 1516 460 1578 in
483 1515 564 1578 turri
586 1514 739 1577 London,
785 1512 832 1576 Et
852 1513 987 1576 recessit
1008 1514 1084 1577 Rex
1100 1533 1176 1577 curn
1193 1522 1266 1578 toto
1279 1521 1381 1620 2222}

157 1620 308 1683 exercitu
339 1639 401 1683 suo
432 1618 592 1683 festinans
624 1621 666 1683 ad
694 1628 805 1702 partes
833 1619 906 1682 illas
934 1628 967 1682 et
994 1619 1126 1701 reliquit
1152 1619 1265 1683 villam
1279 1620 1430 1722 difflata

158 1722 374 1806 Cantebrigie
397 1723 469 1787 sine
492 1722 639 1788 custode.
685 1722 785 1806 Quod
809 1723 952 1787 scientes
978 1724 1144 1788 Insulares
1167 1744 1266 1788 uene·
1280 1721 1412 1823 {mi

157 1838 236 1892 runt
262 1849 338 1892 cum
367 1828 581 1892 multitudine
608 1837 814 1892 armatorum
842 1826 884 1891 ad
907 1827 1021 1892 villam
1045 1829 1268 1912 cantebrigie,
1281 1847 1424 1939 ggpotptehe

157 1942 192 1997 et
212 1942 327 2016 portas
348 1952 432 2014 quas
456 1932 533 1995 Rex
556 1941 791 1996 construxerat
814 1932 891 2015 igne
909 1944 1217 2010 concremauerunt,
1234 1943 1268 1998 et
1281 1946 1431 2040 {ffiffiomi

158 2040 279 2104 domos
300 2039 332 2102 in
352 2037 473 2120 quibus
490 2037 567 2100 Rex
588 2036 822 2120 hospitabatur
836 2037 988 2101 similiter
1003 2039 1267 2116 combusserunt,
1280 2048 1365 2150 ggpie

159 2151 193 2206 et
214 2141 320 2205 multa
342 2141 431 2205 mala
451 2151 485 2204 et
503 2140 765 2224 depredaciones
781 2140 937 2206 fecerunt.
984 2141 1172 2223 Burgenses
1187 2163 1266 2206 uero
1279 2149 1419 2250 {fflssffi

1352 2229 1359 2250 .

159 2245 375 2328 Cantebrigie
406 2245 549 2308 scientes
579 2264 695 2307 eorum
725 2243 910 2308 aduentum
941 2265 1058 2308 omnes
1089 2246 1424 2344 sugeruntfflssffi‘·

158 2369 221 2413 nec
238 2349 399 2414 remansit
417 2368 503 2412 unus
524 2349 629 2412 eciam
650 2368 694 2411 ex
716 2348 780 2412 illis
800 2350 858 2431 qui
873 2347 1041 2413 resisteret
1057 2350 1265 2416 insularibus
1278 2349 1433 2452 ffifflgd,

161 2454 381 2518 Reuertentes
408 2463 520 2517 autern
550 2452 671 2516 milites
698 2473 758 2535 per
785 2454 971 2517 Prioratum
997 2454 1041 2518 de
1064 2452 1426 2544 Bemewelle{1223ssssssed

159 2559 305 2624 inierunt
327 2559 415 2622 inter
437 2578 473 2621 se
495 2557 670 2621 consilium
694 2557 737 2621 ad
762 2556 991 2622 molendinum
1014 2561 1212 2625 uentricium
1231 2552 1378 2654 vtit'ffl
1389 2552 1431 2594 ¹¹¹²

159 2673 270 2728 totum
288 2663 473 2727 Prioratum
491 2672 750 2737 concremarent,
767 2673 800 2726 et
816 2662 927 2728 aulam
944 2665 1100 2748 precipue
1116 2666 1172 2730 ubi
1190 2666 1267 2731 Rex

162 2767 364 2831 Alemannie
379 2766 620 2850 hospitabatur.
669 2764 745 2829 Hoc
761 2785 841 2829 uero
856 2766 1031 2830 consilium
1047 2766 1182 2833 durauit
1200 2768 1268 2833 sere

161 2891 219 2955 per
241 2873 326 2937 duas
348 2871 455 2935 horas.
501 2869 569 2934 Sed
593 2869 750 2933 dominus
775 2870 880 2952 Hugo
905 2870 1032 2935 Peeche
1054 2881 1088 2936 et
1110 2873 1267 2937 dominus
1280 2883 1297 2933 s.
1310 2885 1342 2947 46

163 2976 331 3040 Robertus
352 2976 480 3040 Peeche
502 2974 603 3040 irater
622 2975 693 3039 eius
709 2985 938 3058 opposuerunt
953 2996 997 3054 se,
1013 2978 1162 3042 dicentes
1176 2979 1267 3062 quod

162 3081 263 3146 cicius
294 3088 501 3144 morerentur
530 3099 632 3161 quam
663 3079 895 3162 permitterent
924 3100 1001 3145 ossa
1027 3082 1131 3165 patris
1157 3083 1207 3147 sui
1234 3093 1269 3148 et

163 3194 340 3268 parentum
360 3204 496 3247 suorum
517 3183 730 3260 concremari,
746 3191 780 3246 et
800 3183 847 3246 sic
868 3183 998 3248 saluata
1017 3195 1069 3249 est
1089 3185 1210 3251 domus
1225 3188 1269 3252 ab

164 3287 318 3351 incendio
344 3296 462 3351 contra
488 3285 698 3351 uoluntatem
730 3285 918 3352 multorum.
965 3289 1159 3354 Transitum
1190 3311 1269 3355 uero
1282 3319 1335 3362 en.
1361 3325 1432 3362 ,πω

164 3389 322 3456 facientes
338 3412 397 3474 per
411 3398 526 3474 portas
541 3391 707 3475 prioratus
719 3392 856 3474 quidam
870 3392 1017 3457 maliuoli
1031 3395 1138 3458 minas
1149 3417 1269 3479 graues
1281 3371 1331 3463 hi
1378 3382 1431 3422 π’*

164 3495 376 3560 intentabant
403 3496 436 3558 in
463 3514 641 3576 personam
673 3495 794 3559 Prioris
819 3496 941 3578 Jolani,
967 3508 1151 3564 asserentes
1177 3503 1267 3584 quod
1281 3471 1410 3571 RK‘ssh‘Sr,

164 3596 319 3661 dominus
340 3597 508 3661 Walterus
529 3598 571 3660 de
593 3596 804 3662 Cothenham
826 3599 921 3664 miles
940 3602 1006 3683 qui,
1022 3611 1059 3666 ut
1082 3603 1267 3686 predictum
1281 3571 1419 3674 mihi?

165 3711 223 3779 est,
242 3701 362 3784 laqueo
382 3722 562 3784 suspensus
583 3711 663 3778 erat,
679 3721 739 3784 per
758 3704 1001 3786 querimoniam
1024 3707 1127 3789 ipsius
1149 3710 1269 3774 Prioris

164 3815 234 3871 erat
262 3806 361 3870 morti
388 3805 607 3870 adiudicatus.
661 3804 763 3888 Quod
790 3807 930 3872 audiens
958 3810 1051 3873 Prior
1078 3815 1270 3896 perterritus

166 3909 264 3974 ualde
290 3908 405 3992 sugam
434 3907 516 3990 inijt‚
538 3919 573 3972 et
599 3909 633 3972 in
661 3908 801 3973 abbacia
828 3912 871 3974 de
894 3912 1065 3978 Waltham
1091 3915 1271 3982 honorifice

165 4022 339 4096 susceptus
365 4021 424 4078 est.
470 4012 632 4078 Canonici
659 4034 739 4078 uero
765 4015 857 4078 dorni
884 4017 1067 4082 existentes
1094 4021 1126 4083 in
1151 4023 1270 4086 timore

166 4137 289 4201 magno
309 4118 478 4182 ducebant
498 4117 569 4182 dies
590 4138 668 4182 suos
689 4119 854 4184 desiderio
869 4141 994 4204 magno
1009 4132 1161 4208 tempora
1176 4129 1268 4210 pacis

165 4231 392 4306 expectantes.

305 4441 315 4474 ¹
333 4443 432 4494 Gilbert
443 4444 475 4493 de
487 4443 569 4502 Clare,
582 4445 667 4509 eighth
682 4447 739 4496 Earl
752 4448 781 4497 oi
789 4448 944 4506 Gloucester,
960 4445 1128 4516 1243-1'295.
