3222 5086
355 383 422 454 150
499 362 652 458 Deposz'r‘
677 360 813 458 repaid
832 369 868 434 to
904 361 1073 434 Wllr'am
1099 359 1309 434 Mortimer
1334 356 1458 457 [Boorc

183 555 317 608 robepnra
349 543 476 614 proxima
492 554 559 600 ante
576 545 749 600 dominicam
766 544 795 598 irr
814 545 911 600 Ramis
929 544 1088 615 palmarum
1104 543 1233 614 proximo
1244 551 1364 598 ventura
1378 541 1457 612 apud

183 607 311 699 'iffi‘mg
351 634 466 688 Nouum
480 635 631 705 Templum
648 634 767 688 London
784 633 893 704 precise
910 633 1053 688 soluendis
1070 650 1105 688 ex
1123 633 1269 688 sentencia
1284 630 1408 702 precepti
1426 631 1455 684 in

182 707 336 810 fflngffissss
349 721 403 776 hiis
428 721 539 792 scriptis
564 721 817 792 condempnamus,
838 721 944 776 dictam
967 722 1141 776 sentenciam
1163 719 1339 774 exsecucioni
1361 717 1456 773 debite

184 806 335 899 mesan-
349 809 439 864 ionne
463 809 692 864 demandandam
717 827 782 864 cum
807 827 923 865 necesse
945 809 1027 865 fuerit
1049 809 1240 865 decernentes.
1280 806 1456 862 Iniunximus

184 906 234 957 day
243 913 302 949 next
349 897 440 950 eciam
458 895 631 965 procuratori
650 894 718 949 dicti
736 893 914 965 promotoris,
934 894 1011 965 quod
1029 894 1075 949 die
1094 893 1238 948 dominica
1256 909 1352 947 coram
1374 891 1457 946 nobis

185 957 300 1009 err-utne.
349 992 511 1053 compareat
529 982 593 1037 loco
611 1000 668 1055 quo
686 981 763 1053 prius
779 983 996 1037 testamentum¹
1009 982 1076 1037 dicti
1094 981 1226 1049 defuncti,
1240 997 1296 1036 vna
1312 997 1378 1034 cum
1396 995 1457 1050 pre-

348 1070 425 1126 dicta
441 1070 523 1126 litera
540 1071 716 1141 obligatoria,
734 1071 916 1140 exhibiturus,
933 1071 1097 1142 dictumque
1116 1071 1332 1125 instnrmerrtum
1350 1067 1457 1136 obliga-

347 1161 451 1214 torium
464 1159 598 1230 predictis
609 1160 756 1230 religiosis,
770 1159 845 1216 facta
861 1161 988 1232 plenaria
1005 1161 1149 1216 solucione
1166 1160 1240 1214 dicte
1257 1157 1384 1229 pecunie,
1398 1155 1458 1211 iore

348 1247 551 1303 restituendum
565 1248 756 1304 decernentes.
796 1249 907 1319 Quibus
920 1247 1064 1303 sentencie
1077 1249 1190 1303 decreto
1208 1256 1236 1302 et
1253 1244 1365 1301 termini
1379 1253 1457 1299 ante·

349 1335 417 1391 dicti
436 1335 581 1408 prefixioni
600 1345 696 1407 partes
714 1335 781 1391 hinc
800 1334 866 1390 inde
885 1337 1090 1407 adquieuerunt
1107 1345 1136 1390 et
1154 1335 1271 1390 eosdem
1292 1343 1458 1403 acceptaue·

350 1433 422 1478 runt.

405 1514 439 1567 ln
457 1513 540 1568 huius
564 1512 604 1568 rei
628 1513 821 1569 testimonium
846 1511 1024 1584 presentibus
1047 1513 1169 1581 sigillum
1190 1519 1318 1565 nostrum
1339 1509 1459 1564 fecimus

351 1602 463 1672 apponi.
499 1603 605 1657 Actum
622 1611 651 1658 et
669 1602 767 1658 datum
786 1602 833 1658 die
850 1603 914 1657 loco
932 1613 960 1656 et
978 1618 1054 1656 anno
1072 1600 1250 1672 supradictis.

392 1825 442 1905 69.
488 1823 541 1888 De
561 1825 677 1890 .xviii.
701 1824 822 1889 marcis
844 1822 990 1888 liberatis
1011 1821 1140 1886 domino
1172 1818 1361 1904 W[illelmo]
1383 1819 1422 1882 de

783 1926 1026 1992 mortuomari.

185 2093 259 2186 ἓξὲξ
259 2094 335 2196 3123„
415 2082 537 2145 Postea
553 2083 643 2147 venit
659 2084 749 2166 apud
766 2081 1017 2164 Cantebrigiam
1034 2081 1189 2145 dominus
1205 2078 1393 2143 Willelmus
1415 2078 1458 2140 de

185 2194 299 2286 hiihifm
351 2185 488 2249 Mortuo
504 2186 600 2264 Mari,
616 2187 751 2250 nomine
772 2188 851 2250 dicti
868 2187 1067 2262 executoris,
1083 2196 1116 2249 et
1135 2184 1278 2248 restituit
1296 2183 1398 2245 Priori
1414 2181 1458 2245 de

186 2294 325 2337 Μηίων·
351 2289 551 2354 Bemewelle
578 2290 708 2354 literam
735 2311 830 2354 suam
858 2291 1102 2372 obligatoriam,
1128 2299 1162 2352 et
1190 2287 1313 2369 recepit
1343 2286 1386 2349 ab
1416 2307 1458 2348 eo

349 2393 533 2474 predictam
557 2395 744 2477 pecuniam,
766 2404 799 2457 et
824 2393 901 2457 lecit
924 2393 1002 2457 inde
1023 2393 1288 2475 acquietanciam
1310 2391 1372 2453 sub
1392 2389 1458 2472 hijs

350 2496 459 2559 uerbis
472 2519 478 2559 :

187 2665 285 2707 errane-
404 2648 553 2704 Uniuersis
572 2649 677 2704 Christi
695 2648 826 2704 fidelibus
844 2659 991 2719 presentes
1009 2647 1116 2703 litteras
1135 2647 1235 2702 visuris
1257 2647 1301 2701 uel
1320 2645 1458 2701 audituris

185 2715 322 2807 fflffffnoe’
348 2736 507 2792 Willelmus
529 2738 565 2792 de
589 2739 702 2793 Mortuo
725 2738 798 2792 Mari
821 2737 895 2792 filius
916 2737 1023 2792 domini
1047 2737 1163 2791 Roberti
1186 2737 1222 2791 de
1245 2737 1359 2789 Mortuo
1382 2736 1457 2789 Mari

186 2815 319 2919 {22¹3}
349 2825 468 2879 salutern
482 2827 510 2879 in
524 2843 589 2881 vero
603 2829 733 2881 salutare
773 2825 918 2880 Noueritls
934 2843 980 2880 me
997 2825 1137 2895 recepisse
1150 2842 1168 2879 a
1180 2824 1296 2879 domino
1315 2823 1412 2878 Priore
1427 2833 1457 2878 et

184 2932 248 2994 g56
349 2913 497 2969 Conuentu
518 2914 554 2969 de
577 2915 747 2969 Bernewelle
769 2914 971 2984 septemdecim
993 2929 1112 2980 marcas,
1135 2911 1266 2967 undecim
1291 2911 1407 2976 solidos,
1428 2920 1457 2964 et

348 3017 397 3055 sex
417 3001 558 3056 denarios.
596 3003 658 3071 Que
682 3003 819 3073 peccunia
841 3002 925 3056 certis
945 3001 1130 3056 bellatoribus
1152 3000 1180 3053 in
1203 2998 1361 3053 subsidium
1383 3008 1457 3053 terre

349 3100 445 3145 sancte
458 3091 623 3161 proiecturis
636 3091 665 3143 in
678 3099 849 3145 testamento
865 3089 973 3144 domini
991 3087 1110 3144 Galiridi
1128 3089 1165 3142 de
1182 3086 1287 3141 Bancis
1304 3085 1355 3140 suit
1368 3085 1457 3155 assig-

348 3185 424 3243 nata,
437 3189 465 3232 et
477 3176 561 3232 dictis
573 3178 712 3247 religiosis
730 3179 767 3232 ad
784 3177 1002 3232 custodiendum
1018 3175 1225 3231 commendata
1266 3176 1298 3229 ln
1317 3173 1396 3228 cuius
1415 3173 1457 3226 rei

347 3265 539 3320 testimonium
561 3265 685 3334 presenti
707 3266 812 3335 scripto
833 3265 956 3333 sigillum
975 3280 1071 3319 meum
1090 3263 1143 3318 ieci
1162 3261 1267 3333 apponi
1286 3271 1314 3315 et
1332 3260 1456 3314 litteram

348 3367 429 3405 suam
448 3351 644 3422 obligatoriam
663 3352 704 3406 eis
722 3351 840 3406 restitui.
878 3353 986 3406 Datum
1004 3350 1082 3420 apud
1095 3349 1305 3418 Cantebrigiam
1323 3347 1352 3400 in
1369 3347 1456 3402 domo

349 3437 478 3507 Magistri
509 3439 642 3494 Nicholai
672 3439 708 3494 de
733 3439 914 3508 Todiugtone
938 3437 1013 3492 .xvi.
1040 3437 1094 3492 kal.
1120 3435 1217 3507 aprilis
1245 3451 1322 3489 anno
1347 3434 1455 3489 domini

347 3526 532 3581 m⁰.cc⁰.lxrn
552 3525 674 3598 quinto².

185 3687 292 3730 enarer
414 3667 460 3730 Et
475 3664 647 3730 sciendum
663 3667 753 3748 quod
770 3665 918 3748 predicte
935 3665 1051 3728 ‚xviii
1068 3684 1179 3728 marce
1195 3662 1326 3726 suerunt
1348 3661 1455 3724 solute

183 3744 325 3850 irhiftiinr-
347 3779 499 3853 tempore
514 3767 673 3851 Symonis
690 3767 819 3846 Prioris,
836 3767 960 3831 scilicet
976 3786 1065 3830 anno
1080 3765 1207 3828 domini
1229 3769 1291 3828 m⁰.
1302 3769 1367 3826 cc⁰.
1379 3763 1456 3825 lxx⁰

184 3845 276 3881 ’Μ’
346 3875 473 3956 quinto,
489 3873 547 3935 sed
565 3881 659 3936 erant
674 3883 805 3954 recepte
821 3882 972 3953 tempore
995 3867 1170 3950 Laurencij
1189 3869 1309 3932 Prioris
1330 3865 1456 3930 scilicet

345 3998 435 4041 anno
451 3976 577 4040 domini
595 3982 640 4038 m⁰
650 4027 656 4040 .
667 3982 734 4040 cc⁰.
749 3975 1035 4058 quinquagesimo.
1072 3972 1194 4037 Vtrum
1207 3983 1319 4036 tamen
1333 3969 1456 4034 fuerint

346 4082 396 4144 bis
412 4080 521 4144 solute
536 4079 675 4145 dubium
692 4080 762 4145 fuit.

394 4267 572 4327 ¹testamenti,
591 4267 649 4319 MS.

395 4349 406 4382 ²
423 4351 454 4401 In
474 4351 537 4416 1276
554 4351 626 4400 Palm
642 4350 746 4417 Sunday
760 4351 802 4401 fell
819 4367 853 4400 on
871 4349 960 4400 March
978 4363 1018 4414 29,
1034 4347 1083 4398 arrd
1101 4347 1144 4397 the
1161 4361 1252 4408 money
1264 4361 1315 4395 was
1332 4343 1456 4396 therefore

347 4445 391 4486 not
403 4435 461 4496 due,
474 4435 508 4498 by
519 4435 561 4484 the
573 4435 684 4486 decision
695 4435 724 4486 ol
732 4436 775 4486 the
786 4436 873 4494 Court,
886 4434 950 4484 until
963 4449 992 4484 aa
1007 4432 1104 4483 March.
