3222 5086
368 370 438 455 146
553 363 692 437 Acirim
720 361 761 435 z‘n
789 370 927 459 respect
951 361 1000 458 es
1014 389 1037 436 e
1064 360 1148 434 loen
1163 361 1275 458 from
1350 357 1472 458 [Boou

486 660 536 724 66.
583 659 633 724 De
653 669 760 724 strata
781 659 941 743 ampliata
956 670 1019 742 per
1032 669 1216 742 preceptum
1238 657 1348 740 Regis.

200 807 349 908 ξᾱᾞὲξῇ,
430 815 536 878 Fama
559 816 775 898 postmodum
798 814 949 898 peruenit
972 812 1014 877 ad
1036 834 1131 877 aures
1156 813 1258 896 Regis
1283 807 1469 894 E[dwardi]

198 919 320 1010 2230„oe
364 919 407 983 de
423 930 530 984 morte
551 930 782 996 mercatorum,
801 930 836 983 et
857 921 900 983 de
920 919 994 982 loco
1013 919 1069 982 ubi
1090 927 1186 983 erant
1205 918 1313 993 occisi,
1334 925 1367 979 et
1385 914 1471 978 exiit

197 1006 307 1108 ἓξὲξ,
363 1023 510 1088 edietum
538 1044 596 1107 per
621 1044 738 1088 omnes
764 1024 942 1087 comitatus
970 1023 1094 1106 Anglie
1119 1024 1210 1107 quod
1236 1041 1353 1085 omnes
1377 1019 1470 1082 bosci

135 1182 136 1186 ,
197 1108 342 1201 lo‘ffiss‘tdffl'
364 1148 424 1211 per
438 1148 522 1210 quos
538 1128 697 1192 transitus
717 1127 904 1190 communis
924 1136 995 1190 erat
1016 1147 1060 1189 ex
1077 1135 1214 1208 vtraque
1235 1134 1329 1207 parte
1350 1121 1470 1204 regalis

197 1208 305 1310 hlssih
363 1232 506 1296 chemini
535 1253 638 1316 usque
665 1234 707 1296 ad
736 1230 945 1295 latitudinem
972 1231 1150 1312 sexaginta
1177 1229 1300 1312 pedum
1327 1234 1470 1310 proster-

197 1310 337 1451 ἓξὲξ.
363 1348 526 1412 necentur,
557 1347 591 1402 et
621 1348 783 1402 statutum
815 1347 886 1401 erat
917 1346 1049 1420 tempus
1079 1346 1205 1399 certum
1243 1332 1387 1398 dominis
1425 1331 1468 1394 ad

197 1457 271 1501 mue.
362 1441 600 1506 succidendum
624 1444 685 1506 sub
708 1441 917 1506 forisfactura
939 1441 1040 1524 graui.
1087 1439 1186 1522 Quod
1214 1439 1353 1502 audiens
1378 1436 1470 1500 Prior

198 1511 215 1560 s'
229 1525 260 1574 ⁵⁴
362 1544 439 1608 fecit
468 1556 634 1627 prostrare
663 1545 797 1610 arbores
827 1555 955 1609 stantes
985 1566 1085 1628 super
1115 1544 1277 1608 fossatum
1308 1542 1409 1618 bosci,
1435 1549 1471 1603 et

361 1670 524 1732 coequare
547 1661 581 1714 et
603 1650 741 1734 implere
763 1652 933 1727 fossatum,
956 1661 989 1714 et
1011 1651 1125 1714 omnia
1145 1649 1281 1713 arbusta
1302 1647 1470 1710 eradicare

361 1775 466 1838 usque
492 1756 535 1818 ad
563 1755 773 1820 latitudinem
801 1755 872 1821 .lx.
900 1757 1034 1838 pedum,
1061 1775 1103 1818 ne
1130 1753 1214 1817 forte
1245 1752 1405 1814 incideret
1435 1750 1470 1813 in

362 1878 481 1922 manus
505 1860 615 1942 Regis.
662 1859 792 1923 Eodem
822 1861 923 1923 modo
950 1858 1027 1923 fecit
1051 1857 1238 1921 Willelmus
1266 1855 1471 1936 Baldewyne

360 1963 403 2026 de
419 1963 521 2026 bosco
536 1983 597 2027 suo
612 1984 656 2026 ex
674 1962 777 2026 altera
793 1972 887 2044 parte
904 1961 1023 2044 regalis
1039 1961 1192 2037 chemini,
1208 1969 1241 2023 et
1257 1960 1304 2023 sic
1324 1957 1472 2022 securius

361 2067 406 2130 ibi
423 2069 552 2131 uadunt
567 2077 778 2131 transeuntes
794 2087 895 2151 quam
912 2068 1026 2150 prius¹.

418 2333 469 2412 67.
514 2332 679 2396 Placitum
702 2341 812 2395 contra
833 2340 1007 2394 eceeutores
1038 2328 1226 2413 Wpeelmi]
1250 2327 1290 2391 K
1290 2326 1414 2391 illeennc'

577 2435 726 2518 Episcopi
746 2435 897 2516 Eleensc's
918 2436 957 2498 de
978 2446 1103 2498 emtum
1126 2435 1252 2498 mercis.

194 2601 345 2694 lssffiff·
427 2590 683 2654 Memorandum
698 2591 787 2672 quod
801 2610 890 2652 anno
902 2589 1031 2653 domini
1047 2595 1111 2652 .m⁰
1121 2639 1126 2650 .
1138 2593 1203 2652 cc⁰.
1220 2585 1469 2670 septuagesimo

195 2709 339 2796 {p‘ffi‘ff'ge
358 2694 462 2758 tercio
485 2695 516 2758 in
541 2694 686 2757 crastino
709 2694 815 2756 sancti
839 2692 993 2757 Nicholai
1016 2692 1105 2775 apud
1129 2691 1264 2754 Nouum
1287 2689 1468 2772 Templum

196 2803 335 2906 fffflgfflgffi
360 2799 514 2874 London,
543 2819 654 2860 coram
687 2796 782 2860 nobis
813 2797 973 2879 magistro
1004 2796 1157 2859 Arnaldo
1187 2797 1229 2859 de
1259 2793 1351 2858 Alba
1380 2804 1469 2858 terra

195 2905 323 2997 bfflriu
359 2904 520 2966 canonico
537 2901 772 2977 Albaterensi²,
788 2901 1017 2964 commissario
1034 2901 1182 2982 magistri
1201 2901 1410 2982 Reymundi³
1425 2898 1468 2962 de

196 3004 515 3097 {gggfffifffNogerijs
546 3007 673 3071 domini
706 3005 796 3086 Pape
822 3005 995 3087 capellani,
1021 3005 1109 3068 sedis
1136 3004 1318 3087 apostolice
1346 3003 1467 3078 nuncii,

196 3105 291 3207 {iffi
359 3113 545 3196 comparuit
573 3111 731 3192 magister
758 3109 947 3173 Willelmus
974 3109 1017 3172 de
1040 3109 1244 3192 [Kilkenni⁴]
1274 3117 1468 3190 procurator

360 3227 576 3280 executorum
594 3214 679 3277 bone
697 3213 855 3276 memorie
868 3212 1027 3276 Willelmi
1043 3215 1086 3277 de
1103 3211 1275 3294 Kyikenni
1292 3213 1465 3294 quondam

361 3319 515 3403 Elyensis
538 3318 694 3401 episcopi,
719 3326 835 3380 contra
859 3317 1029 3398 religiosos
1049 3318 1137 3380 viros
1162 3317 1307 3380 Priorem
1331 3325 1365 3379 et
1387 3335 1467 3379 con·
1536 3339 1539 3344 ¹

359 3434 496 3488 uentum
529 3424 571 3487 de
603 3421 803 3486 Bernewelle
834 3442 892 3503 per
924 3422 1119 3503 magistrum
1150 3419 1386 3503 W[illelmum]
1424 3419 1467 3483 de

360 3527 514 3591 Norwico
541 3537 788 3610 procuratorem
816 3546 930 3588 eorum
954 3525 1103 3608 legitime
1129 3524 1348 3588 constitutum
1375 3544 1466 3588 com-

359 3642 521 3715 parentes.

406 3858 415 3892 ¹
433 3859 490 3910 The
504 3861 603 3912 Statute
619 3859 648 3909 ol
665 3859 821 3910 winchester
838 3859 923 3922 (1285)
942 3859 962 3908 is
980 3859 1103 3924 probably
1118 3864 1218 3915 meant;
1237 3856 1282 3906 but
1300 3855 1327 3905 in
1341 3855 1395 3906 that
1411 3855 1467 3906 itis

357 3943 463 3994 enacted
475 3943 555 3993 “thul
572 3943 642 3993 there
656 3943 688 3992 be
703 3941 801 3993 neither
815 3942 882 4006 dyke
897 3953 950 3991 tree
964 3957 1011 3990 nor
1026 3941 1090 3990 bush
1106 3939 1223 4002 whereby
1236 3953 1252 3987 a
1267 3953 1326 3987 mun
1341 3953 1398 4001 may
1409 3937 1467 3988 lurk

357 4037 384 4078 to
399 4027 432 4077 do
447 4027 504 4076 hurt
517 4026 605 4076 within
621 4033 671 4075 two
686 4026 799 4075 hundred
812 4025 865 4074 loot
880 4025 909 4074 ol
922 4025 965 4074 the
983 4040 1030 4074 one
1046 4023 1099 4073 side
1115 4023 1165 4072 and
1180 4030 1230 4072 two
1242 4019 1355 4070 hundred
1367 4019 1420 4070 sont
1433 4036 1467 4070 on

358 4111 400 4161 the
411 4110 484 4160 other
495 4109 548 4159 side
559 4107 588 4157 ol
596 4109 639 4157 the
651 4105 732 4173 way.’'
767 4107 869 4167 Stubbs,
884 4108 958 4156 Select
970 4107 1095 4165 Cherters,
1112 4109 1182 4170 1895,
1196 4120 1221 4169 p.
1237 4115 1293 4166 474.

404 4193 416 4224 ¹
433 4194 500 4243 Albo
512 4193 590 4242 Terre
602 4193 623 4241 is
635 4191 758 4257 probably
769 4192 908 4241 Aubeterre
919 4191 944 4239 in
959 4192 1055 4240 France
1067 4190 1222 4250 (Charente).

405 4273 416 4307 ⁸
434 4277 534 4340 Rogeri‚
550 4274 621 4325 MS.:
639 4275 684 4324 but
695 4289 736 4324 see
747 4275 836 4334 above,
849 4289 874 4339 p.
890 4288 943 4336 124,
958 4273 1008 4322 and
1020 4272 1111 4322 below.

405 4359 494 4408 ‘This
517 4374 590 4408 name
612 4358 657 4406 has
680 4357 807 4420 evidently
827 4357 890 4405 been
910 4355 1007 4420 copied,
1030 4355 1064 4418 by
1084 4371 1099 4404 a
1121 4353 1220 4402 clerical
1241 4367 1316 4412 error,
1339 4350 1404 4401 from
1425 4352 1469 4403 the

357 4442 406 4492 line
424 4441 514 4491 below.
