3222 5086
338 373 407 424 120
595 349 672 422 The
697 359 850 448 outrage
874 361 916 425 at
947 351 1190 451 Wgrgenlzall
1318 352 1442 452 [Boou

332 557 489 620 magnam
506 536 725 601 hereditatem
746 546 780 601 et
802 537 949 622 amplam
966 538 1075 604 eidem
1090 539 1266 624 capellano
1281 539 1441 615 accidere,

331 642 445 705 statim
467 642 556 724 cepit
579 661 651 705 esse
671 641 831 705 sollicitus
852 641 996 726 qualiter
1016 645 1126 727 potuit
1147 664 1220 708 eam
1243 643 1276 707 in
1293 643 1440 726 proprie-

332 755 436 810 tatem
458 745 595 810 ecclesie
615 767 674 810 sue
689 756 889 812 conuertere
938 747 1094 812 Promisit
1110 749 1211 832 igitur
1226 758 1260 813 et
1275 748 1440 813 concessit

331 850 374 914 de
396 869 558 914 consensu
581 859 766 914 conuentus
789 851 839 914 sui
863 851 972 915 eidem
999 852 1174 935 capellano
1201 853 1269 916 duo
1291 852 1442 918 corredia

331 956 574 1033 canonicorum,
601 963 635 1018 et
665 956 749 1019 duas
780 975 908 1020 marcas
940 976 998 1038 per
1027 976 1163 1035 annum,
1190 966 1224 1021 et
1253 957 1440 1040 hospicium

332 1070 527 1143 competens
557 1060 600 1124 ad
630 1081 727 1124 suum
759 1071 967 1144 perpetuum.
1030 1061 1213 1127 Annuente
1244 1083 1323 1127 uero
1349 1063 1442 1126 dicto

332 1166 514 1249 capellano,
529 1166 618 1231 facta
634 1165 696 1230 fuit
712 1167 790 1230 inde
810 1176 902 1230 carta
923 1175 957 1231 et
973 1167 1083 1248 sigillo
1097 1178 1283 1232 conuentus
1299 1169 1441 1251 signata,

331 1279 366 1334 et
376 1279 521 1334 statutus
530 1278 582 1334 est
591 1269 671 1345 dies,
682 1290 750 1352 quo
764 1269 857 1333 Prior
866 1268 990 1334 ibidem
1001 1271 1175 1336 accederet
1184 1273 1227 1337 ad
1238 1272 1438 1355 capiendum

331 1396 520 1459 seysynam.

170 1508 236 1549 now
244 1507 287 1551 a„
399 1480 550 1544 Recessit
571 1499 650 1543 uero
666 1479 754 1544 idern
770 1479 963 1562 capellanus
979 1489 1013 1544 et
1030 1480 1167 1544 ueniens
1182 1482 1272 1564 apud
1289 1481 1438 1564 Wygen·

168 1558 408 1651 mfflhale
438 1585 506 1648 cito
536 1583 668 1647 detexit
697 1581 871 1646 consilium
908 1603 1005 1647 suum
1036 1584 1080 1648 ad
1116 1583 1245 1667 aliquos
1281 1585 1338 1667 qui
1372 1585 1441 1649 cito

168 1669 294 1758 lfo'n'fl'na
333 1687 482 1751 fecerunt
496 1707 573 1751 eum
596 1695 725 1750 mutare
746 1687 954 1768 propositum
975 1707 1082 1751 suum.
1128 1687 1232 1751 Venit
1253 1708 1332 1770 ergo
1348 1688 1443 1752 Prior

168 1759 320 1804 howhewu
565 1790 572 1803 .
1119 1790 1125 1803 .
1345 1791 1364 1805 ..

168 1811 310 1904 pasqpppy
332 1790 471 1873 Jolanus
499 1789 694 1854 festinanter
720 1809 778 1871 per
800 1797 922 1852 terram
948 1809 1023 1852 cum
1049 1810 1144 1872 equrs
1167 1799 1201 1854 et
1223 1789 1382 1855 hemesrrs
1406 1801 1441 1855 et

169 1871 296 1963 sl'ima
333 1893 460 1958 familia
480 1914 604 1976 magna
624 1895 667 1956 ad
689 1893 887 1974 capiendam
908 1914 1086 1976 seysynam
1109 1893 1151 1958 de
1174 1896 1268 1959 terris
1291 1906 1325 1959 et
1348 1904 1441 1960 tene-

168 1972 234 2012 men,
245 1963 303 2006 who

167 2013 319 2106 imina
335 1999 455 2061 mentis
481 2017 547 2080 que
573 1998 719 2080 Jacobus
746 1997 938 2080 capellanus
964 1999 994 2061 ei
1022 1999 1193 2076 concessit,
1226 2010 1260 2062 et
1288 2000 1376 2065 sedit
1406 2002 1440 2064 in

167 2093 303 2206 {fflffl‘d
333 2102 435 2166 domo
450 2123 511 2165 sua
527 2103 660 2185 propria
675 2113 753 2186 post
768 2102 945 2186 prandium
968 2124 1044 2167 cum
1061 2104 1175 2168 amicis
1191 2105 1309 2168 suiset
1325 2105 1442 2168 vicinis

166 2214 311 2308 {35:2223·
333 2205 481 2268 eiusdem
518 2205 596 2269 ville
635 2207 667 2269 in
704 2206 908 2270 iocunditate
945 2227 1075 2289 magna.
1137 2207 1182 2270 Et
1218 2228 1294 2272 ecce
1330 2208 1442 2272 subito

167 2313 248 2367 fluht·
332 2320 495 2373 uenerunt
526 2309 666 2374 ministri
697 2309 825 2374 domini
856 2311 1016 2375 Willelmi
1055 2311 1197 2376 Bardolf
1230 2333 1305 2378 cum
1338 2333 1441 2377 manu

330 2423 468 2490 armata,
494 2424 528 2478 et
555 2415 714 2478 insultum
743 2414 890 2479 fecerunt
918 2417 950 2479 in
979 2417 1125 2481 Priorem
1157 2427 1191 2482 et
1218 2439 1304 2482 suos.
1362 2415 1440 2500 Quo

330 2517 402 2580 uiso
426 2519 518 2580 Prior
540 2528 574 2582 et
597 2539 714 2582 omnes
737 2519 794 2601 qui
818 2538 895 2583 cum
919 2539 959 2582 eo
982 2519 1129 2594 aderant,
1153 2521 1317 2603 perterriti
1341 2519 1442 2584 ualde

330 2621 493 2706 fugerunt,
524 2624 663 2706 quidam
694 2643 753 2706 per
783 2623 944 2687 fenestras
975 2632 1009 2686 et
1038 2622 1176 2705 quidam
1208 2623 1294 2686 ultra
1326 2643 1440 2686 muros

330 2726 503 2810 fugientes.
544 2726 635 2790 Prior
650 2748 730 2791 uero
746 2726 832 2810 fugit
847 2747 953 2811 usque
968 2725 1011 2790 ad
1028 2727 1205 2792 abbaciam
1221 2727 1264 2791 de
1281 2727 1440 2792 Derham.

332 2831 403 2895 Nec
419 2833 578 2895 remansit
599 2851 684 2895 unus
705 2832 748 2895 de
764 2830 890 2895 familia
907 2831 1036 2907 Primis,
1052 2831 1119 2906 sed,
1136 2831 1258 2896 relictis
1274 2831 1441 2909 omnibus,

330 2935 443 3018 fugam
481 2955 597 2998 omnes
633 2933 785 2997 inierunt.
847 2934 1015 2998 intrantes
1046 2955 1124 2998 uero
1154 2936 1234 2998 dicti
1266 2936 1441 3018 predones,

330 3040 470 3103 ministri
502 3038 627 3102 scilicet
658 3038 785 3101 domini
818 3037 978 3101 Willelmi
1011 3037 1156 3114 Bardolf,
1187 3059 1304 3103 omnes
1334 3060 1439 3123 equos

331 3145 450 3208 Prioris
471 3165 556 3226 quos
577 3143 621 3206 ibi
644 3143 842 3206 inuenerunt
864 3163 940 3204 curn
961 3141 1122 3225 hernesijs
1137 3144 1237 3208 ualde
1252 3146 1439 3228 gaudentes

329 3249 552 3323 abduxerunt,
574 3254 719 3328 excepto
743 3267 810 3309 uno
832 3267 919 3329 equo
942 3257 1101 3311 ueterano
1124 3259 1264 3311 tantum.
1311 3247 1357 3312 Et
1378 3249 1440 3313 fuit

329 3372 486 3415 numerus
510 3371 670 3434 equorum
695 3351 858 3414 bonorum
884 3371 967 3434 quos
990 3354 1205 3417 abduxerunt
1227 3353 1305 3417 .xiii.
1328 3353 1439 3437 Capas

329 3477 409 3520 uero
425 3454 588 3540 pluuiales
609 3457 843 3519 canonicorum
860 3467 1039 3534 sumentes,
1055 3459 1150 3540 quasi
1172 3459 1205 3521 in
1221 3457 1437 3540 obprobrium

329 3562 565 3625 canonicorum
597 3571 631 3624 et
661 3559 795 3636 ordinis,
822 3559 1097 3625 cachinnacioncs
1123 3571 1158 3625 et
1188 3563 1333 3626 derisum
1361 3563 1439 3627 inde

330 3669 485 3734 fecerunt.
533 3669 625 3733 Prior
645 3688 724 3731 uero
740 3677 773 3730 et
789 3668 839 3729 sui
855 3686 932 3730 curn
949 3665 1142 3730 confusione
1162 3687 1285 3749 magna
1300 3667 1437 3731 tandem

329 3776 371 3839 ad
404 3775 536 3858 propria
568 3772 743 3848 redierunt,
774 3772 958 3854 dampnum
987 3771 1197 3849 sustinentes,
1228 3779 1261 3835 et
1293 3771 1438 3836 feliciora

329 3889 481 3962 tempora
507 3885 733 3960 expectantes.
790 3874 868 3938 Non
897 3875 984 3938 enim
1012 3884 1144 3957 poterat
1170 3885 1250 3938 tunc
1277 3877 1438 3959 temporis

330 3985 423 4048 Prior
439 4004 497 4066 per
515 3983 639 4046 curiam
659 3981 763 4063 Regis
779 3990 895 4043 contra
911 3979 1141 4043 malefactores
1158 3982 1344 4062 impetrare,
1360 3981 1440 4063 quia

328 4089 477 4152 instabat
497 4097 576 4151 tunc
597 4086 692 4168 quasi
714 4095 846 4166 tempus
867 4103 991 4167 guerre.
1038 4081 1095 4145 Ab
1116 4083 1173 4146 illo
1190 4103 1269 4147 uero
1285 4093 1438 4166 tempore

328 4195 361 4257 in
378 4193 496 4257 diebus
512 4192 633 4254 nostris
650 4209 715 4252 non
733 4198 828 4250 erant
844 4187 878 4250 in
899 4186 1002 4249 domo
1017 4188 1060 4250 de
1077 4185 1278 4250 Bernewelle
1293 4193 1345 4249 tot
1359 4188 1437 4268 equi

328 4298 407 4361 boni
420 4306 503 4380 quot
514 4305 608 4358 erant
620 4295 709 4376 apud
723 4291 933 4376 Wygenhale
946 4313 1004 4374 per
1016 4292 1141 4354 dictam
1158 4289 1436 4372 depredacionem

328 4403 440 4466 subito
456 4401 577 4466 amissi.
