3222 5086
339 379 406 447 188
654 377 694 450 Α
724 379 814 450 tori!
838 378 887 476 of
904 377 1116 476 compiracy
1319 375 1438 475 [soon

332 576 444 631 aquam,
468 561 629 631 Johannem
653 572 785 631 sutorem,
808 565 984 634 Stephanum
1009 563 1150 631 clericum,
1172 563 1315 620 Thomam
1341 563 1440 631 Lucas,

333 649 492 704 Gaifridutn
512 651 550 705 ad
571 651 664 722 capud
685 651 759 720 uide,
780 654 923 723 Nigellum
947 654 983 708 de
1005 653 1152 720 stantune,
1171 653 1314 707 Thomam
1335 651 1440 719 Brond,

334 736 487 792 Ricardum
518 737 554 793 de
586 739 708 794 Parham
739 740 775 794 de
806 741 997 812 cantebrigia,
1028 739 1180 796 Radulsum
1211 740 1377 812 Scippawey
1402 740 1439 794 de

333 825 476 894 Ciayethe,
490 834 518 880 et
536 827 695 896 Johannem
712 828 748 883 de
767 829 892 896 Dinone,
906 829 983 900 quod
999 829 1056 884 sint
1074 845 1168 884 coram
1188 828 1270 883 nobis
1283 828 1312 882 in
1330 827 1439 883 octabis

333 910 430 965 Sancti
458 910 597 980 Johannis
626 913 753 984 Baptistc
777 913 937 985 ubicunque
965 914 1100 969 fuerimus
1126 925 1193 970 tunc
1219 916 1248 969 in
1273 914 1378 983 Angiia
1401 913 1439 968 ad

332 999 563 1070 respondendum
584 1001 711 1072 predicto
728 1003 851 1072 Johanni
873 1005 975 1073 Lewyn
993 1004 1029 1060 de
1047 1003 1153 1075 placito
1171 1002 1392 1074 conspiracionis
1410 1010 1438 1056 et

332 1087 564 1157 transgressionis
581 1090 737 1146 secundum
752 1091 964 1148 ordinacionem
977 1101 1103 1148 nostram
1116 1108 1206 1163 nuper
1218 1091 1284 1146 inde
1296 1090 1439 1162 prouisam

331 1173 404 1228 sicut
420 1174 563 1245 predictus
579 1177 725 1246 Johannes
740 1178 841 1248 iewyn
854 1177 1063 1234 racionabiliter
1076 1188 1234 1232 monstrare
1247 1177 1349 1247 poterit
1362 1175 1439 1247 quod

331 1261 357 1316 ei
374 1261 441 1318 inde
457 1263 627 1334 respondere
644 1265 775 1321 debeant
813 1268 852 1321 Et
869 1267 976 1323 babeas
992 1267 1030 1323 ibi
1044 1267 1161 1322 nomina
1172 1265 1331 1337 plegiorum
1344 1275 1371 1319 et
1385 1265 1439 1318 hoc

331 1349 423 1405 breue.
473 1352 559 1408 Teste
588 1351 741 1426 G[ilbert0]
769 1354 805 1410 de
834 1355 1024 1412 Thorintone¹
1054 1356 1130 1426 apud
1154 1351 1438 1411 Westmonasterium

330 1447 431 1508 quarto
449 1439 496 1495 die
513 1441 588 1512 Junij
608 1458 684 1497 anno
703 1442 782 1512 regni
802 1443 890 1499 nostri
908 1444 983 1514 xxijt

506 1697 573 1763 125.
619 1681 794 1766 Inquisitio
807 1684 905 1765 sacta
928 1681 967 1746 de
988 1681 1266 1764 conspiratoribus.

382 1837 472 1907 Jurati
497 1837 612 1894 ueniunt
635 1855 653 1892 a
673 1837 719 1892 die
741 1837 839 1893 Sancti
863 1836 1014 1892 Michaelis
1035 1835 1064 1889 in
1086 1845 1144 1890 tres
1166 1835 1340 1906 septimanas
1361 1851 1437 1889 anno

165 1897 312 1990 {zm
330 1925 407 1994 regn
426 1925 500 1996 regis
518 1925 651 1981 Edwards
668 1925 716 1980 snt
737 1925 823 1995 Regis
842 1923 959 1980 nenses
977 1923 1073 1994 ‚xmp
1092 1935 1119 1978 es
1136 1924 1234 1979 dicunt
1250 1940 1334 1994 super
1346 1939 1437 1978 sacra-

166 1997 249 2089 {fffie
330 2021 456 2067 mentum
473 2029 556 2068 suum
573 2015 650 2085 quod
667 2016 774 2083 Symon
790 2013 826 2068 de
846 2012 978 2068 Hasselle
997 2011 1075 2067 Prior
1091 2012 1127 2068 de
1141 2011 1312 2068 Bemeweile
1325 2028 1381 2066 non
1394 2021 1438 2065 est

166 2077 280 2200 ?,{}⁰b3‘=
330 2099 486 2170 culpabilis,
511 2118 564 2156 nec
591 2102 762 2157 Benedictus
786 2102 822 2156 de
844 2101 984 2167 Weltone,
1006 2115 1059 2155 nec
1084 2101 1168 2154 ceteri
1194 2101 1223 2154 in
1248 2099 1327 2154 breui
1351 2097 1437 2169 Regis

218 2177 224 2188 ’
330 2187 476 2253 nominati,
507 2189 631 2259 exceptis
661 2199 771 2244 tantum
802 2189 913 2244 duobus
944 2188 1077 2244 videlicet
1107 2188 1251 2242 Willelmo
1281 2187 1382 2258 Wlwy‚
1408 2197 1437 2242 et

332 2273 456 2330 Roberto
474 2293 607 2344 messore,
628 2275 674 2347 qui
695 2277 767 2330 inter
786 2293 816 2331 se
835 2275 1009 2332 confederati
1027 2275 1173 2330 maliciose
1191 2285 1244 2332 etc.
1284 2275 1352 2330 ldeo
1370 2290 1437 2330 con·

329 2360 484 2418 sideratum
501 2375 543 2419 est
560 2363 637 2434 quod
654 2363 796 2434 predictus
812 2363 920 2432 Symon
935 2364 1016 2418 Prior
1027 2373 1056 2419 et
1069 2364 1242 2420 Benedictus
1254 2373 1306 2419 etc.
1319 2373 1347 2418 et
1360 2361 1437 2434 quod

329 2449 447 2518 predicti
462 2450 620 2506 Willelmus
632 2451 725 2520 Wlwy
737 2460 766 2506 et
781 2451 923 2508 Robertus
936 2467 1047 2507 messor
1058 2461 1111 2507 etc.

440 2695 507 2758 126.
553 2692 658 2758 Breue
679 2693 782 2777 Regis
797 2706 861 2778 pro
882 2695 1068 2760 hominibus
1089 2696 1128 2760 de
1152 2693 1334 2760 Cestertone.

165 2851 273 2896 rnexto
293 2854 314 2894 ἰ
383 2848 442 2901 Rex
455 2846 612 2902 vicecomiti
627 2848 949 2917 Cantebrigiesalutem.
987 2847 1139 2916 Querelam
1152 2847 1313 2902 tenencium
1332 2845 1435 2901 Prioris

164 2903 308 2996 iiriitiiot‘
328 2935 364 2990 de
378 2937 549 2992 Bernewelle
560 2935 597 2991 de
611 2937 738 2991 manerio
751 2937 787 2991 de
801 2937 967 2992 Cestertone
979 2936 1057 3007 quod
1069 2948 1112 2991 est
1121 2936 1157 2990 de
1167 2936 1284 3007 antiquo
1293 2934 1436 2990 dominico

165 3003 261 3105 ξξῗὲ,
328 3040 430 3079 corone
454 3033 550 3079 nostre
574 3023 745 3096 accepimus,
768 3025 845 3096 quod
870 3041 934 3079 cum
960 3024 1015 3094 ipsi
1036 3024 1192 3094 geldabiles
1214 3041 1270 3079 non
1293 3025 1349 3078 sint
1370 3040 1435 3079 cum

165 3103 288 3206 mm·
327 3112 530 3168 communitate
551 3122 723 3168 sectatorum
743 3113 891 3168 Hundredi
913 3113 950 3169 de
970 3115 1135 3168 Cestertone
1155 3129 1207 3168 nec
1225 3129 1290 3168 cum
1308 3114 1351 3167 eis
1369 3129 1434 3167 con·

164 3204 217 3296 {122¹
217 3205 311 3296 'gatos
327 3197 449 3255 tribuere
474 3199 598 3255 debeant
621 3217 674 3256 nec
695 3201 893 3255 consueuerint
915 3200 953 3256 ad
974 3201 1136 3255 communia
1157 3201 1377 3255 amerciamenta
1397 3199 1435 3254 ad

165 3305 313 3347 cnestenon
328 3303 383 3357 que
404 3287 594 3342 communitas
616 3288 663 3342 ilia
684 3289 839 3344 amerciata
859 3288 949 3358 suerit,
969 3299 999 3343 tu
1021 3289 1144 3360 prefatos
1166 3299 1294 3344 tenentes
1312 3287 1436 3357 grauiter

165 3355 300 3457 ssfflfy‘n
328 3373 473 3443 distringis
495 3375 532 3429 ad
554 3377 792 3430 contribuendum
813 3375 925 3431 cuidam
951 3375 1172 3431 amerciamento
1196 3375 1233 3430 ad
1258 3376 1334 3447 quod
1358 3373 1435 3430 dicta

164 3454 245 3497 ΜΝ·
328 3460 517 3516 communitas
540 3461 569 3516 in
590 3463 689 3518 ultimo
711 3464 810 3519 itinere
828 3463 1048 3533 justiciariorum
1071 3475 1230 3519 nostrorum
1249 3463 1278 3517 in
1300 3464 1434 3518 comitatu

330 3559 377 3604 tuo
394 3548 484 3604 tuerat
500 3551 655 3606 amerciata
671 3561 698 3606 et
711 3568 761 3606 eos
774 3551 967 3622 multipliciter
979 3552 1119 3621 inquietas
1132 3567 1166 3605 ea
1178 3551 1328 3606 occasione
1342 3551 1434 3604 minus

329 3637 401 3692 iuste
426 3638 455 3692 in
480 3639 606 3709 ipsorum
631 3639 787 3710 dampnum
813 3656 871 3694 non
896 3640 1039 3696 modicum
1063 3649 1092 3694 et
1116 3655 1271 3709 grauamen
1296 3648 1324 3693 et
1345 3639 1434 3692 nostri

329 3724 513 3794 preiudicium
530 3725 720 3796 manifestum,
733 3727 882 3798 presertim
898 3744 963 3784 cum
981 3728 1034 3798 ipsi
1052 3729 1125 3782 sicut
1142 3745 1194 3783 nec
1211 3725 1295 3781 ceteri
1308 3727 1356 3798 qui
1369 3737 1435 3782 sunt

328 3813 365 3868 de
380 3813 497 3884 antiquo
514 3813 657 3869 dominico
673 3831 778 3870 corone
795 3825 890 3871 nostre
907 3815 944 3869 ad
960 3814 1124 3871 huiusmodi
1137 3813 1364 3869 contribuciones
1377 3830 1434 3868 non

328 3911 485 3969 teneantur,
505 3901 556 3956 sed
575 3901 676 3956 talliari
697 3903 821 3958 debeant
841 3920 906 3957 cum
926 3903 1031 3973 burgos
1050 3912 1162 3958 nostros
1182 3903 1210 3956 in
1231 3919 1318 3972 regno
1338 3913 1434 3957 nostro

328 3990 476 4046 fecerimus
498 3989 608 4045 talliari.
647 3991 683 4045 Et
706 3992 773 4060 quia
794 3991 932 4046 sustinere
951 3991 1082 4045 nolumus
1101 3990 1178 4061 quod
1196 3989 1240 4044 ius
1259 4001 1386 4045 nostrum
1404 3989 1433 4044 in

328 4078 383 4134 hac
404 4088 485 4150 parte
506 4078 681 4148 perimeturi,
702 4078 753 4133 tibi
775 4078 945 4151 precipimus
969 4079 1043 4134 sicut
1064 4079 1134 4134 alias
1154 4079 1338 4150 precepimus,
1357 4078 1435 4149 quod

377 4257 384 4288 ¹
402 4257 502 4307 Giibert
518 4257 550 4306 de
567 4255 708 4316 Thomton,
726 4258 803 4308 orde
820 4257 958 4318 Torenton,
978 4273 1027 4309 tvos
1044 4259 1118 4308 made
1135 4257 1213 4310 Cbiei
1230 4257 1326 4322 Justice
1344 4257 1373 4307 oi
1391 4258 1435 4308 the

329 4340 418 4404 King's
436 4339 521 4389 Bench
537 4340 563 4389 in
583 4341 651 4404 1289.

376 4421 387 4452 ²
403 4423 567 4488 permittetur,
582 4421 639 4472 MS.
