3192 5102
176 349 233 450 vr]
452 349 646 424 Hundrad
666 349 715 446 of
730 349 770 422 A
776 349 1000 448 rmingsord
1210 367 1281 440 247

243 537 494 602 Gildmmordon
517 537 677 621 [Guilden
702 537 868 620 Morden].
915 538 1031 602 Petrus
1052 538 1094 600 de
1116 535 1226 600 Beche
1248 545 1282 599 et

174 642 303 707 Walter
314 643 357 707 de
369 643 529 708 Yselham
542 651 659 707 tenent
669 641 844 706 dimidiam
858 640 972 705 hidam
984 651 1069 706 terre
1081 639 1281 724 geldabilem

174 767 233 830 per
262 747 438 811 dimidium
475 747 563 812 leodi
595 747 711 812 militis
737 746 780 810 de
810 746 936 811 honore
968 746 1103 811 Pecche.
1151 745 1281 810 ibidem

174 852 363 917 Willelmus
378 851 421 918 de
437 853 611 918 Witenton
628 861 721 917 tenet
735 851 911 916 dimidiam
927 852 1042 917 hidam
1062 861 1148 916 terre
1168 850 1282 934 gelda-

174 956 276 1022 bilem
292 977 351 1040 per
366 957 542 1022 dimidium
560 956 649 1020 leodi
662 955 776 1020 militis
791 955 834 1019 de
849 956 968 1020 eodem
985 955 1118 1019 honore.
1150 954 1282 1020 ibidem

175 1061 364 1126 Willelmus
387 1061 509 1126 Pikard
532 1071 626 1126 tenet
647 1061 821 1125 dimidiam
842 1060 956 1125 hidam
978 1069 1064 1125 terre
1080 1058 1281 1143 geldabilem

175 1187 233 1250 per
263 1165 439 1231 dimidium
471 1167 558 1231 feodi
590 1166 705 1230 militis
735 1168 779 1231 de
807 1165 927 1230 eodem
959 1166 1093 1230 honore.
1149 1165 1280 1230 Ibidem

176 1271 341 1335 Radullus
356 1271 399 1336 de
415 1272 536 1336 Baneis
551 1280 644 1336 tenet
659 1271 832 1335 dimidiam
849 1269 964 1334 hidam
980 1280 1066 1335 terre
1081 1269 1282 1353 geldabilem

176 1395 234 1458 per
256 1374 434 1440 dimidium
459 1375 547 1440 leodi
569 1376 684 1440 militis
704 1375 747 1440 de
765 1376 884 1441 eodem
906 1376 1033 1440 honore
1055 1385 1089 1440 et
1109 1375 1153 1440 de
1172 1377 1310 1440 wardal.
1329 1387 1399 1451 145b

175 1478 283 1544 Castri
299 1479 384 1543 infra
399 1498 524 1543 annum
542 1488 576 1543 ct
591 1479 767 1544 dimidium
785 1499 852 1542 .x.s.
900 1477 1029 1543 ibidem
1054 1478 1222 1542 Robertus
1240 1477 1283 1541 de

176 1583 285 1647 Beche
300 1593 393 1648 tenet
405 1581 579 1647 dimidiam
596 1582 709 1647 hidam
720 1592 806 1646 terre
822 1581 1022 1666 geldabilem
1037 1603 1095 1666 per
1107 1583 1282 1646 dimidium

175 1687 263 1751 feodi
289 1685 404 1751 militis
428 1687 471 1750 de
497 1686 624 1749 honore
650 1686 786 1750 Pecche.
832 1685 1057 1769 Baldewynus
1087 1686 1130 1750 de
1162 1687 1283 1750 Pemes

174 1800 267 1857 tenet
290 1792 341 1856 iii.
365 1792 511 1874 virgatas
538 1802 624 1855 terre
651 1790 835 1874 geldabiles
859 1791 902 1854 de
930 1791 1062 1856 Comite
1087 1791 1129 1856 de
1157 1791 1283 1856 Sancto

177 1894 280 1960 Paulo
296 1917 355 1979 per
370 1896 545 1960 seruicium
561 1904 679 1979 quarte
695 1897 799 1979 partis
810 1895 838 1959 .i.
852 1894 975 1972 militis,
989 1905 1024 1960 et
1036 1896 1137 1961 debet
1148 1907 1284 1974 sectam,

174 2013 208 2067 et
228 2002 392 2066 auxilium
408 2002 612 2066 vicecomitis
628 2001 696 2084 .ij.s.
744 2000 874 2066 ibidem
893 2001 1059 2067 Henricus
1078 2002 1122 2067 de
1138 2002 1283 2067 Mordon

175 2105 276 2170 debet
291 2107 319 2171 .i.
336 2115 470 2170 sectam.

247 2209 277 2272 T
274 2208 412 2272 adelowe
427 2207 606 2292 [Tadlow].
654 2208 758 2274 Fulco
779 2207 866 2274 filius
882 2208 1010 2274 Warini
1033 2218 1126 2274 tenet
1148 2210 1282 2275 feodum

176 2314 202 2378 .i.
220 2314 334 2378 militis
349 2315 393 2377 de
408 2313 586 2378 heredibus
603 2314 726 2396 Rogeri
742 2313 786 2378 de
801 2314 947 2398 Torpell’
962 2317 1005 2380 de
1020 2315 1120 2380 feodo
1138 2315 1283 2380 Peuerel.

177 2419 306 2483 Ibidem
333 2420 424 2483 Prior
446 2421 489 2484 de
512 2419 705 2484 Chilresond
730 2429 822 2483 tenet
842 2421 871 2483 .i.
887 2420 1002 2484 hidam
1025 2423 1103 2486 eti.
1119 2421 1282 2504 virgatam

174 2534 260 2588 terre
284 2523 467 2607 geldabiles
489 2525 532 2588 de
556 2523 694 2588 baronia
714 2523 873 2587 Willelmi
900 2525 943 2588 de
968 2524 1061 2588 Bello
1088 2525 1227 2609 Campo,
1249 2535 1284 2589 et

176 2630 277 2693 debet
307 2628 335 2711 .j.
361 2638 487 2692 sectam
518 2638 552 2692 et
577 2627 619 2692 de
649 2627 777 2692 auxilio
807 2627 1011 2692 vicecomitis
1041 2629 1106 2692 .ii.s.
1154 2627 1283 2694 Ibidem

178 2731 268 2796 Prior
297 2731 340 2795 de
372 2732 574 2796 Bemewelle
600 2737 692 2796 tenet
720 2741 841 2795 terram
868 2751 934 2815 que
965 2731 1026 2796 iuit
1057 2733 1213 2816 Hugonis
1242 2733 1285 2796 de

178 2837 367 2914 Pinnecote,
389 2845 424 2900 et
447 2845 498 2900 est
520 2835 564 2900 de
587 2836 686 2902 feodo
712 2836 832 2899 Prioris
854 2837 897 2900 de
918 2835 1104 2901 chikesont
1127 2848 1162 2902 et
1183 2837 1285 2902 debet

176 2951 310 3006 sectam.
358 2940 463 3023 Elyas
479 2940 510 3004 le
525 2939 664 3022 Waleys
680 2949 773 3004 tenet
788 2941 815 3004 .i.
831 2940 997 3024 virgatam
1019 2952 1114 3019 terre,
1134 2952 1169 3006 et
1184 2943 1285 3008 debet

176 3047 204 3108 .i.
228 3055 365 3110 sectam.

241 3151 385 3235 Abigton
402 3151 592 3234 [Abington
610 3149 764 3235 Pigotts].
811 3151 984 3235 Philippus
1000 3152 1042 3216 de
1057 3153 1176 3216 eadem
1193 3161 1285 3218 tenet

177 3254 312 3320 feodum
349 3255 375 3319 .i.
407 3255 522 3320 militis
552 3256 595 3319 de
625 3255 751 3319 honore
783 3256 943 3320 Bononie.
990 3255 1121 3321 Ibidem
1155 3255 1284 3321 Alanus

177 3356 219 3422 de
256 3359 402 3441 Fugeres
436 3369 530 3423 tenet
565 3360 592 3423 .i.
628 3359 742 3424 hidam
779 3370 865 3423 terre
900 3359 1102 3444 geldabilem
1140 3383 1198 3444 per
1233 3363 1284 3426 ‚iii

177 3474 306 3546 partem
330 3463 418 3528 leodi
436 3465 463 3527 .i.
480 3463 596 3528 militis
617 3463 660 3526 de
683 3464 783 3530 feodo
807 3464 931 3529 Scalar'
947 3473 980 3529 et
1004 3465 1074 3548 ipse
1098 3465 1229 3530 Alanus
1251 3477 1286 3531 et

178 3569 312 3634 feodum
330 3569 387 3632 filii
403 3569 545 3650 Jocelini
562 3579 595 3633 et
613 3569 814 3633 Humiridus
831 3568 918 3633 filius
939 3569 1100 3636 Willelmi
1116 3571 1242 3636 debent
1257 3569 1285 3636 .i.

177 3683 312 3749 sectam,
329 3683 363 3739 et
378 3676 422 3740 de
437 3674 565 3739 auxilio
580 3674 785 3760 vicecomitis
800 3675 906 3757 ,viij.d.
941 3675 1071 3741 [bidem
1087 3675 1286 3741 Alexander

178 3779 208 3843 le
239 3780 365 3861 Moyne
395 3779 540 3844 teneti.
567 3780 732 3862 virgatam
763 3789 850 3844 terre
879 3779 1081 3864 geldabilem
1111 3781 1156 3845 de
1186 3780 1286 3844 leodo

180 3883 373 3968 Hardewyn
396 3883 441 3948 de
464 3883 620 3951 Scalariis
643 3905 703 3968 per
724 3884 791 3967 .xij.
816 3894 945 3968 partem
970 3885 1058 3950 leodi
1082 3887 1108 3950 .i.
1133 3885 1256 3950 militis.

244 3989 377 4054 Hattall
394 3990 493 4075 [East
514 3987 666 4075 Hatley].
712 3989 901 4054 Willelmus
921 3990 965 4055 de
988 3991 1110 4074 Quoye
1131 3991 1234 4055 debet
1257 3990 1284 4055 .i.

178 4102 305 4156 sectam
330 4112 431 4176 quam
456 4091 663 4158 concellauit.
709 4093 839 4157 Walter
864 4095 908 4158 de
936 4093 994 4157 Ho
1019 4104 1110 4158 tenet
1132 4102 1285 4176 quartem

129 4253 134 4266 .
179 4205 307 4280 partem
333 4197 421 4261 leodi
442 4197 470 4262 .i.
487 4195 602 4261 militis
624 4197 667 4260 de
690 4196 816 4260 honore
836 4196 1060 4262 Richmondie
1082 4197 1208 4262 scilicet
1223 4197 1285 4280 vij.

178 4301 326 4381 virgatas
350 4310 436 4365 terre
458 4299 652 4384 geldabiles,
667 4309 700 4365 et
722 4300 823 4366 debet
843 4300 872 4364 .i.
888 4309 1014 4366 sectam
1037 4311 1072 4367 et
1094 4302 1137 4366 de
1159 4301 1287 4364 auxilio

181 4407 383 4471 vicecomitis
399 4406 464 4487 ijs.
