<?xml version="1.0" encoding="UTF-8"?>
<!DOCTYPE html PUBLIC "-//W3C//DTD XHTML 1.0 Transitional//EN"
    "http://www.w3.org/TR/xhtml1/DTD/xhtml1-transitional.dtd">
<html xmlns="http://www.w3.org/1999/xhtml" xml:lang="en" lang="en">
 <head>
  <title>
</title>
<meta http-equiv="Content-Type" content="text/html;charset=utf-8" />
  <meta name='ocr-system' content='tesseract 3.04.00' />
  <meta name='ocr-capabilities' content='ocr_page ocr_carea ocr_par ocr_line ocrx_word'/>
</head>
<body>
  <div class='ocr_page' id='page_1' title='image "./libermemorandor00maitgoog_0287.png"; bbox 0 0 3192 5102; ppageno 0'>
   <div class='ocr_carea' id='block_1_1' title="bbox 166 391 1272 494">
    <p class='ocr_par' dir='ltr' id='par_1_1' title="bbox 166 391 1272 494">
     <span class='ocr_line' id='line_1_1' title="bbox 166 391 1272 494; baseline -0.005 -26"><span class='ocrx_word' id='word_1_1' title='bbox 166 395 222 494; x_wconf 81' lang='grc' dir='ltr'>ιν]</span> <span class='ocrx_word' id='word_1_2' title='bbox 378 395 545 492; x_wconf 79' lang='lat' dir='ltr'>Caseus</span> <span class='ocrx_word' id='word_1_3' title='bbox 561 393 756 492; x_wconf 77' lang='lat' dir='ltr'>Regr&#39;nuld</span> <span class='ocrx_word' id='word_1_4' title='bbox 775 392 819 464; x_wconf 79' lang='lat' dir='ltr'>de</span> <span class='ocrx_word' id='word_1_5' title='bbox 845 391 1061 468; x_wconf 78' lang='lat' dir='ltr'>Cornberton</span> <span class='ocrx_word' id='word_1_6' title='bbox 1200 415 1272 484; x_wconf 85' lang='lat'>²¹9</span> 
     </span>
    </p>
   </div>
   <div class='ocr_carea' id='block_1_2' title="bbox 164 573 1431 684">
    <p class='ocr_par' dir='ltr' id='par_1_2' title="bbox 164 573 1431 684">
     <span class='ocr_line' id='line_1_2' title="bbox 164 573 1431 684; baseline -0.002 -40"><span class='ocrx_word' id='word_1_7' title='bbox 164 579 275 645; x_wconf 90' lang='lat' dir='ltr'>cilium</span> <span class='ocrx_word' id='word_1_8' title='bbox 290 579 525 662; x_wconf 81' lang='lat' dir='ltr'>Lugdunense,</span> <span class='ocrx_word' id='word_1_9' title='bbox 535 577 568 642; x_wconf 93' lang='lat' dir='ltr'>in</span> <span class='ocrx_word' id='word_1_10' title='bbox 578 597 647 661; x_wconf 91' lang='lat' dir='ltr'>quo</span> <span class='ocrx_word' id='word_1_11' title='bbox 658 577 750 662; x_wconf 85' lang='lat' dir='ltr'>Papa</span> <span class='ocrx_word' id='word_1_12' title='bbox 759 577 908 642; x_wconf 87' lang='lat' dir='ltr'>decreuit</span> <span class='ocrx_word' id='word_1_13' title='bbox 917 575 1008 659; x_wconf 90' lang='lat' dir='ltr'>quod</span> <span class='ocrx_word' id='word_1_14' title='bbox 1019 573 1135 642; x_wconf 79' lang='lat' dir='ltr'>iratres</span> <span class='ocrx_word' id='word_1_15' title='bbox 1146 574 1272 638; x_wconf 91' lang='lat' dir='ltr'>mendi·</span> <span class='ocrx_word' id='word_1_16' title='bbox 1286 585 1431 684; x_wconf 44' lang='lat'>*3⁸:335</span> 
     </span>
    </p>
   </div>
   <div class='ocr_carea' id='block_1_3' title="bbox 165 647 1429 787">
    <p class='ocr_par' dir='ltr' id='par_1_3' title="bbox 165 647 1429 787">
     <span class='ocr_line' id='line_1_3' title="bbox 165 647 1429 787; baseline -0.007 -38"><span class='ocrx_word' id='word_1_17' title='bbox 165 694 280 749; x_wconf 90' lang='lat' dir='ltr'>cantes</span> <span class='ocrx_word' id='word_1_18' title='bbox 295 682 339 747; x_wconf 94' lang='lat' dir='ltr'>de</span> <span class='ocrx_word' id='word_1_19' title='bbox 357 691 469 748; x_wconf 90' lang='lat' dir='ltr'>cetero</span> <span class='ocrx_word' id='word_1_20' title='bbox 490 703 557 746; x_wconf 91' lang='lat' dir='ltr'>non</span> <span class='ocrx_word' id='word_1_21' title='bbox 579 682 764 766; x_wconf 80' lang='lat' dir='ltr'>reciperent</span> <span class='ocrx_word' id='word_1_22' title='bbox 785 680 916 765; x_wconf 91' lang='lat' dir='ltr'>aliquos</span> <span class='ocrx_word' id='word_1_23' title='bbox 936 679 980 744; x_wconf 98' lang='lat' dir='ltr'>ad</span> <span class='ocrx_word' id='word_1_24' title='bbox 1001 679 1152 744; x_wconf 82' lang='lat' dir='ltr'>ordinem</span> <span class='ocrx_word' id='word_1_25' title='bbox 1174 701 1270 744; x_wconf 91' lang='lat' dir='ltr'>suum</span> <span class='ocrx_word' id='word_1_26' title='bbox 1286 647 1429 787; x_wconf 50' lang='lat' dir='ltr'>{gggglvf</span> 
     </span>
    </p>
   </div>
   <div class='ocr_carea' id='block_1_4' title="bbox 164 783 1274 1274">
    <p class='ocr_par' dir='ltr' id='par_1_4' title="bbox 164 783 1274 1274">
     <span class='ocr_line' id='line_1_4' title="bbox 165 783 1272 872; baseline -0.007 -18"><span class='ocrx_word' id='word_1_27' title='bbox 165 799 236 864; x_wconf 82' lang='lat' dir='ltr'>ete,</span> <span class='ocrx_word' id='word_1_28' title='bbox 246 788 399 872; x_wconf 89' lang='lat' dir='ltr'>exceptis</span> <span class='ocrx_word' id='word_1_29' title='bbox 410 787 678 852; x_wconf 87' lang='lat' dir='ltr'>Predicatoribus</span> <span class='ocrx_word' id='word_1_30' title='bbox 688 795 722 850; x_wconf 94' lang='lat' dir='ltr'>et</span> <span class='ocrx_word' id='word_1_31' title='bbox 733 785 920 850; x_wconf 91' lang='lat' dir='ltr'>Minoribus</span> <span class='ocrx_word' id='word_1_32' title='bbox 930 795 965 849; x_wconf 92' lang='lat' dir='ltr'>et</span> <span class='ocrx_word' id='word_1_33' title='bbox 975 783 1181 862; x_wconf 87' lang='lat' dir='ltr'>Carmelitis;</span> <span class='ocrx_word' id='word_1_34' title='bbox 1201 785 1272 848; x_wconf 87' lang='lat' dir='ltr'>etsi</span> 
     </span>
     <span class='ocr_line' id='line_1_5' title="bbox 166 889 1273 975; baseline -0.005 -17"><span class='ocrx_word' id='word_1_35' title='bbox 166 893 289 959; x_wconf 90' lang='lat' dir='ltr'>uellent</span> <span class='ocrx_word' id='word_1_36' title='bbox 304 893 398 958; x_wconf 90' lang='lat' dir='ltr'><strong>dedit</strong></span> <span class='ocrx_word' id='word_1_37' title='bbox 414 891 587 957; x_wconf 85' lang='lat' dir='ltr'>licenciam</span> <span class='ocrx_word' id='word_1_38' title='bbox 604 890 749 957; x_wconf 88' lang='lat' dir='ltr'>intrandi</span> <span class='ocrx_word' id='word_1_39' title='bbox 763 889 938 975; x_wconf 82' lang='lat' dir='ltr'>religiones</span> <span class='ocrx_word' id='word_1_40' title='bbox 951 890 1095 954; x_wconf 87' lang='lat' dir='ltr'>laxiores</span> <span class='ocrx_word' id='word_1_41' title='bbox 1106 900 1168 956; x_wconf 91' lang='lat' dir='ltr'>etc.</span> <span class='ocrx_word' id='word_1_42' title='bbox 1216 889 1273 952; x_wconf 86' lang='lat' dir='ltr'>Ex</span> 
     </span>
     <span class='ocr_line' id='line_1_6' title="bbox 165 995 1274 1082; baseline -0.005 -18"><span class='ocrx_word' id='word_1_43' title='bbox 165 1020 205 1064; x_wconf 95' lang='lat' dir='ltr'>eo</span> <span class='ocrx_word' id='word_1_44' title='bbox 220 1009 371 1082; x_wconf 94' lang='lat' dir='ltr'>tempore</span> <span class='ocrx_word' id='word_1_45' title='bbox 386 1007 546 1081; x_wconf 90' lang='lat' dir='ltr'>ceperunt</span> <span class='ocrx_word' id='word_1_46' title='bbox 562 996 679 1062; x_wconf 79' lang='lat' dir='ltr'>iratres</span> <span class='ocrx_word' id='word_1_47' title='bbox 699 1016 817 1061; x_wconf 88' lang='lat' dir='ltr'>omnes</span> <span class='ocrx_word' id='word_1_48' title='bbox 839 995 1068 1060; x_wconf 83' lang='lat' dir='ltr'>mendicantes</span> <span class='ocrx_word' id='word_1_49' title='bbox 1084 995 1274 1060; x_wconf 88' lang='lat' dir='ltr'>decrescere</span> 
     </span>
     <span class='ocr_line' id='line_1_7' title="bbox 164 1098 1272 1181; baseline -0.005 -13"><span class='ocrx_word' id='word_1_50' title='bbox 164 1105 206 1168; x_wconf 92' lang='lat' dir='ltr'>de</span> <span class='ocrx_word' id='word_1_51' title='bbox 236 1103 290 1168; x_wconf 92' lang='lat' dir='ltr'>die</span> <span class='ocrx_word' id='word_1_52' title='bbox 321 1103 354 1166; x_wconf 90' lang='lat' dir='ltr'>in</span> <span class='ocrx_word' id='word_1_53' title='bbox 385 1101 484 1179; x_wconf 90' lang='lat' dir='ltr'>diem,</span> <span class='ocrx_word' id='word_1_54' title='bbox 515 1111 549 1166; x_wconf 92' lang='lat' dir='ltr'>et</span> <span class='ocrx_word' id='word_1_55' title='bbox 579 1100 621 1166; x_wconf 89' lang='lat' dir='ltr'>ad</span> <span class='ocrx_word' id='word_1_56' title='bbox 653 1099 813 1165; x_wconf 91' lang='lat' dir='ltr'>nichilum</span> <span class='ocrx_word' id='word_1_57' title='bbox 845 1098 970 1165; x_wconf 90' lang='lat' dir='ltr'>redacti</span> <span class='ocrx_word' id='word_1_58' title='bbox 1001 1109 1089 1176; x_wconf 89' lang='lat' dir='ltr'>sunt,</span> <span class='ocrx_word' id='word_1_59' title='bbox 1119 1099 1272 1181; x_wconf 90' lang='lat' dir='ltr'>exceptis</span> 
     </span>
     <span class='ocr_line' id='line_1_8' title="bbox 166 1207 516 1274; baseline -0.011 0"><span class='ocrx_word' id='word_1_60' title='bbox 166 1207 433 1274; x_wconf 87' lang='lat' dir='ltr'>Predicatoribus</span> <span class='ocrx_word' id='word_1_61' title='bbox 455 1216 516 1271; x_wconf 92' lang='lat' dir='ltr'>etc.</span> 
     </span>
    </p>
   </div>
   <div class='ocr_carea' id='block_1_5' title="bbox 167 1339 1271 1512">
    <p class='ocr_par' dir='ltr' id='par_1_5' title="bbox 167 1339 1271 1512">
     <span class='ocr_line' id='line_1_9' title="bbox 167 1339 1271 1512; baseline 0 -21"><span class='ocrx_word' id='word_1_62' title='bbox 167 1445 184 1491; x_wconf 89' lang='lat'><strong>2</strong></span> <span class='ocrx_word' id='word_1_63' title='bbox 189 1443 216 1509; x_wconf 83' lang='lat'>5.</span> <span class='ocrx_word' id='word_1_64' title='bbox 259 1429 311 1494; x_wconf 81' lang='lat' dir='ltr'>De</span> <span class='ocrx_word' id='word_1_65' title='bbox 332 1428 488 1494; x_wconf 81' lang='lat' dir='ltr'>Bercan&#39;a</span> <span class='ocrx_word' id='word_1_66' title='bbox 510 1438 540 1493; x_wconf 83' lang='lat' dir='ltr'>rt</span> <span class='ocrx_word' id='word_1_67' title='bbox 557 1339 770 1496; x_wconf 45' lang='lat' dir='ltr'>{litabant</span> <span class='ocrx_word' id='word_1_68' title='bbox 792 1426 973 1512; x_wconf 71' lang='lat' dir='ltr'>Reginaldr&#39;</span> <span class='ocrx_word' id='word_1_69' title='bbox 994 1427 1033 1492; x_wconf 75' lang='lat' dir='ltr'>de</span> <span class='ocrx_word' id='word_1_70' title='bbox 1057 1427 1271 1494; x_wconf 81' lang='lat' dir='ltr'>Cmnbertone.</span> 
     </span>
    </p>
   </div>
   <div class='ocr_carea' id='block_1_6' title="bbox 165 1559 1437 2092">
    <p class='ocr_par' dir='ltr' id='par_1_6' title="bbox 165 1559 1437 2092">
     <span class='ocr_line' id='line_1_10' title="bbox 220 1559 1349 1631; baseline -0.004 -17"><span class='ocrx_word' id='word_1_71' title='bbox 220 1561 320 1618; x_wconf 88' lang='lat' dir='ltr'>Pateat</span> <span class='ocrx_word' id='word_1_72' title='bbox 338 1559 477 1616; x_wconf 83' lang='lat' dir='ltr'>uniuersis</span> <span class='ocrx_word' id='word_1_73' title='bbox 495 1577 546 1631; x_wconf 89' lang='lat' dir='ltr'>per</span> <span class='ocrx_word' id='word_1_74' title='bbox 563 1569 709 1630; x_wconf 85' lang='lat' dir='ltr'>presentes</span> <span class='ocrx_word' id='word_1_75' title='bbox 725 1559 803 1630; x_wconf 89' lang='lat' dir='ltr'>quod</span> <span class='ocrx_word' id='word_1_76' title='bbox 824 1575 890 1613; x_wconf 89' lang='lat' dir='ltr'>cum</span> <span class='ocrx_word' id='word_1_77' title='bbox 907 1573 1004 1613; x_wconf 88' lang='lat' dir='ltr'>coram</span> <span class='ocrx_word' id='word_1_78' title='bbox 1022 1559 1139 1614; x_wconf 91' lang='lat' dir='ltr'>domino</span> <span class='ocrx_word' id='word_1_79' title='bbox 1160 1559 1273 1616; x_wconf 85' lang='lat' dir='ltr'>officiali</span> <span class='ocrx_word' id='word_1_80' title='bbox 1287 1560 1303 1612; x_wconf 85' lang='lat' dir='ltr'>l.</span> <span class='ocrx_word' id='word_1_81' title='bbox 1318 1561 1349 1623; x_wconf 70' lang='lat'>8,</span> 
     </span>
     <span class='ocr_line' id='line_1_11' title="bbox 165 1641 1437 1734; baseline 0 -32"><span class='ocrx_word' id='word_1_82' title='bbox 165 1647 272 1702; x_wconf 92' lang='lat' dir='ltr'>domini</span> <span class='ocrx_word' id='word_1_83' title='bbox 303 1647 505 1704; x_wconf 86' lang='lat' dir='ltr'>Archidiaconi</span> <span class='ocrx_word' id='word_1_84' title='bbox 541 1646 674 1718; x_wconf 86' lang='lat' dir='ltr'>Elyensis</span> <span class='ocrx_word' id='word_1_85' title='bbox 708 1645 876 1704; x_wconf 88' lang='lat' dir='ltr'>auctoritate</span> <span class='ocrx_word' id='word_1_86' title='bbox 913 1645 1045 1716; x_wconf 77' lang='lat' dir='ltr'>ordinarii</span> <span class='ocrx_word' id='word_1_87' title='bbox 1083 1659 1274 1718; x_wconf 81' lang='lat' dir='ltr'>cognoscente</span> <span class='ocrx_word' id='word_1_88' title='bbox 1288 1641 1437 1734; x_wconf 50' lang='lat' dir='ltr'>Hbsswffl‘</span> 
     </span>
     <span class='ocr_line' id='line_1_12' title="bbox 166 1702 1433 1806; baseline 0 -16"><span class='ocrx_word' id='word_1_89' title='bbox 166 1733 298 1790; x_wconf 89' lang='lat' dir='ltr'>dominus</span> <span class='ocrx_word' id='word_1_90' title='bbox 321 1735 462 1790; x_wconf 89' lang='lat' dir='ltr'>Henricus</span> <span class='ocrx_word' id='word_1_91' title='bbox 481 1744 632 1806; x_wconf 88' lang='lat' dir='ltr'>perpetuus</span> <span class='ocrx_word' id='word_1_92' title='bbox 650 1733 771 1790; x_wconf 86' lang='lat' dir='ltr'>vicarius</span> <span class='ocrx_word' id='word_1_93' title='bbox 791 1732 910 1790; x_wconf 87' lang='lat' dir='ltr'>ecclesie</span> <span class='ocrx_word' id='word_1_94' title='bbox 931 1734 1028 1790; x_wconf 82' lang='lat' dir='ltr'>Sancti</span> <span class='ocrx_word' id='word_1_95' title='bbox 1049 1734 1153 1790; x_wconf 86' lang='lat' dir='ltr'>Botulfi</span> <span class='ocrx_word' id='word_1_96' title='bbox 1171 1736 1273 1791; x_wconf 90' lang='lat' dir='ltr'>Cante·</span> <span class='ocrx_word' id='word_1_97' title='bbox 1286 1702 1433 1784; x_wconf 58' lang='lat' dir='ltr'>irritu?</span> 
     </span>
     <span class='ocr_line' id='line_1_13' title="bbox 166 1791 1421 1894; baseline -0.001 -17"><span class='ocrx_word' id='word_1_98' title='bbox 166 1821 254 1892; x_wconf 84' lang='lat' dir='ltr'>brigie</span> <span class='ocrx_word' id='word_1_99' title='bbox 278 1832 379 1878; x_wconf 87' lang='lat' dir='ltr'>contra</span> <span class='ocrx_word' id='word_1_100' title='bbox 400 1823 590 1893; x_wconf 84' lang='lat' dir='ltr'>Reginaldum</span> <span class='ocrx_word' id='word_1_101' title='bbox 614 1823 651 1877; x_wconf 91' lang='lat' dir='ltr'>de</span> <span class='ocrx_word' id='word_1_102' title='bbox 676 1822 867 1877; x_wconf 83' lang='lat' dir='ltr'>Combertone</span> <span class='ocrx_word' id='word_1_103' title='bbox 891 1821 1061 1891; x_wconf 84' lang='lat' dir='ltr'>burgensem</span> <span class='ocrx_word' id='word_1_104' title='bbox 1083 1822 1272 1894; x_wconf 80' lang='lat' dir='ltr'>Cantebrigie,</span> <span class='ocrx_word' id='word_1_105' title='bbox 1285 1791 1421 1886; x_wconf 44' lang='lat' dir='ltr'>:iiiiii</span> 
     </span>
     <span class='ocr_line' id='line_1_14' title="bbox 166 1892 1409 1986; baseline 0.001 -22"><span class='ocrx_word' id='word_1_106' title='bbox 166 1925 249 1979; x_wconf 90' lang='lat' dir='ltr'>super</span> <span class='ocrx_word' id='word_1_107' title='bbox 273 1909 392 1966; x_wconf 86' lang='lat' dir='ltr'>decimis</span> <span class='ocrx_word' id='word_1_108' title='bbox 416 1909 647 1981; x_wconf 87' lang='lat' dir='ltr'>prouenientibus</span> <span class='ocrx_word' id='word_1_109' title='bbox 671 1910 707 1966; x_wconf 92' lang='lat' dir='ltr'>de</span> <span class='ocrx_word' id='word_1_110' title='bbox 736 1909 798 1964; x_wconf 87' lang='lat' dir='ltr'>solo</span> <span class='ocrx_word' id='word_1_111' title='bbox 825 1907 912 1980; x_wconf 89' lang='lat' dir='ltr'>ipsius</span> <span class='ocrx_word' id='word_1_112' title='bbox 940 1909 1090 1978; x_wconf 84' lang='lat' dir='ltr'>Reginaldi</span> <span class='ocrx_word' id='word_1_113' title='bbox 1119 1910 1216 1966; x_wconf 87' lang='lat' dir='ltr'>clauso</span> <span class='ocrx_word' id='word_1_114' title='bbox 1243 1909 1272 1965; x_wconf 91' lang='lat' dir='ltr'>in</span> <span class='ocrx_word' id='word_1_115' title='bbox 1285 1892 1409 1986; x_wconf 51' lang='grc' dir='ltr'>ἷῖξῆζὶω</span> 
     </span>
     <span class='ocr_line' id='line_1_15' title="bbox 165 1993 1437 2092; baseline 0.002 -40"><span class='ocrx_word' id='word_1_116' title='bbox 165 1998 273 2069; x_wconf 90' lang='lat' dir='ltr'>campis</span> <span class='ocrx_word' id='word_1_117' title='bbox 294 1999 330 2055; x_wconf 92' lang='lat' dir='ltr'>de</span> <span class='ocrx_word' id='word_1_118' title='bbox 357 1999 541 2066; x_wconf 80' lang='lat' dir='ltr'>Newenham,</span> <span class='ocrx_word' id='word_1_119' title='bbox 563 1999 636 2054; x_wconf 84' lang='lat' dir='ltr'>infra</span> <span class='ocrx_word' id='word_1_120' title='bbox 660 1999 737 2070; x_wconf 90' lang='lat' dir='ltr'>quod</span> <span class='ocrx_word' id='word_1_121' title='bbox 759 1997 887 2054; x_wconf 88' lang='lat' dir='ltr'>bercaria</span> <span class='ocrx_word' id='word_1_122' title='bbox 908 2006 936 2052; x_wconf 92' lang='lat' dir='ltr'>et</span> <span class='ocrx_word' id='word_1_123' title='bbox 958 1997 1163 2054; x_wconf 88' lang='lat' dir='ltr'>columbarium</span> <span class='ocrx_word' id='word_1_124' title='bbox 1185 1998 1272 2068; x_wconf 90' lang='lat' dir='ltr'>ipsius</span> <span class='ocrx_word' id='word_1_125' title='bbox 1286 1993 1437 2092; x_wconf 43' lang='lat' dir='ltr'>&amp;affine</span> 
     </span>
    </p>
   </div>
   <div class='ocr_carea' id='block_1_7' title="bbox 165 2083 1402 2246">
    <p class='ocr_par' dir='ltr' id='par_1_7' title="bbox 165 2083 1402 2246">
     <span class='ocr_line' id='line_1_16' title="bbox 168 2083 1378 2158; baseline 0.001 -18"><span class='ocrx_word' id='word_1_126' title='bbox 168 2086 316 2158; x_wconf 75' lang='lat' dir='ltr'>Reginaldi</span> <span class='ocrx_word' id='word_1_127' title='bbox 332 2087 387 2143; x_wconf 85' lang='lat' dir='ltr'>sita</span> <span class='ocrx_word' id='word_1_128' title='bbox 403 2097 478 2150; x_wconf 79' lang='lat' dir='ltr'>sunt,</span> <span class='ocrx_word' id='word_1_129' title='bbox 492 2097 520 2142; x_wconf 91' lang='lat' dir='ltr'>et</span> <span class='ocrx_word' id='word_1_130' title='bbox 533 2088 617 2142; x_wconf 89' lang='lat' dir='ltr'>rebus</span> <span class='ocrx_word' id='word_1_131' title='bbox 630 2086 694 2157; x_wconf 86' lang='lat' dir='ltr'>alijs</span> <span class='ocrx_word' id='word_1_132' title='bbox 704 2083 802 2158; x_wconf 80' lang='lat' dir='ltr'>[inira]</span> <span class='ocrx_word' id='word_1_133' title='bbox 815 2085 906 2141; x_wconf 86' lang='lat' dir='ltr'>solum</span> <span class='ocrx_word' id='word_1_134' title='bbox 918 2095 948 2140; x_wconf 91' lang='lat' dir='ltr'>vt</span> <span class='ocrx_word' id='word_1_135' title='bbox 961 2087 1130 2156; x_wconf 85' lang='lat' dir='ltr'>premittitur</span> <span class='ocrx_word' id='word_1_136' title='bbox 1145 2087 1273 2142; x_wconf 83' lang='lat' dir='ltr'>clausum</span> <span class='ocrx_word' id='word_1_137' title='bbox 1286 2103 1378 2136; x_wconf 77' lang='lat' dir='ltr'>uwu</span> 
     </span>
     <span class='ocr_line' id='line_1_17' title="bbox 165 2144 1402 2246; baseline 0.001 -17"><span class='ocrx_word' id='word_1_138' title='bbox 165 2174 412 2246; x_wconf 84' lang='lat' dir='ltr'>qualitercunque¹</span> <span class='ocrx_word' id='word_1_139' title='bbox 429 2175 598 2246; x_wconf 89' lang='lat' dir='ltr'>nuncupatis</span> <span class='ocrx_word' id='word_1_140' title='bbox 617 2175 753 2231; x_wconf 88' lang='lat' dir='ltr'>mouisset</span> <span class='ocrx_word' id='word_1_141' title='bbox 772 2174 979 2246; x_wconf 73' lang='lat' dir='ltr'>questionan2;</span> <span class='ocrx_word' id='word_1_142' title='bbox 1002 2173 1077 2229; x_wconf 88' lang='lat' dir='ltr'>idern</span> <span class='ocrx_word' id='word_1_143' title='bbox 1100 2174 1272 2244; x_wconf 84' lang='lat' dir='ltr'>Reginaldus</span> <span class='ocrx_word' id='word_1_144' title='bbox 1286 2144 1334 2246; x_wconf 55' lang='lat' dir='ltr'>iiie</span> <span class='ocrx_word' id='word_1_145' title='bbox 1353 2145 1402 2236; x_wconf 62' lang='lat' dir='ltr'>“io</span> 
     </span>
    </p>
   </div>
   <div class='ocr_carea' id='block_1_8' title="bbox 165 2244 1439 2438">
    <p class='ocr_par' dir='ltr' id='par_1_8' title="bbox 165 2244 1439 2438">
     <span class='ocr_line' id='line_1_18' title="bbox 167 2244 1410 2337; baseline 0.002 -20"><span class='ocrx_word' id='word_1_146' title='bbox 167 2261 312 2333; x_wconf 85' lang='lat' dir='ltr'>injudicio</span> <span class='ocrx_word' id='word_1_147' title='bbox 328 2264 498 2320; x_wconf 89' lang='lat' dir='ltr'>constitutus</span> <span class='ocrx_word' id='word_1_148' title='bbox 514 2265 697 2336; x_wconf 86' lang='lat' dir='ltr'>profitebatur</span> <span class='ocrx_word' id='word_1_149' title='bbox 712 2282 743 2320; x_wconf 90' lang='lat' dir='ltr'>se</span> <span class='ocrx_word' id='word_1_150' title='bbox 760 2263 919 2319; x_wconf 87' lang='lat' dir='ltr'>huiusmodi</span> <span class='ocrx_word' id='word_1_151' title='bbox 934 2263 1061 2319; x_wconf 91' lang='lat' dir='ltr'>decimas</span> <span class='ocrx_word' id='word_1_152' title='bbox 1076 2264 1112 2319; x_wconf 89' lang='lat' dir='ltr'>de</span> <span class='ocrx_word' id='word_1_153' title='bbox 1128 2265 1273 2334; x_wconf 87' lang='lat' dir='ltr'>premissis</span> <span class='ocrx_word' id='word_1_154' title='bbox 1285 2244 1335 2337; x_wconf 52' lang='grc' dir='ltr'>ἓξ,</span> <span class='ocrx_word' id='word_1_155' title='bbox 1345 2245 1410 2337; x_wconf 58' lang='grc' dir='ltr'>ρ’ζζῖ</span> 
     </span>
     <span class='ocr_line' id='line_1_19' title="bbox 165 2347 1439 2438; baseline 0.002 -31"><span class='ocrx_word' id='word_1_156' title='bbox 165 2353 364 2422; x_wconf 91' lang='lat' dir='ltr'>prouenientes</span> <span class='ocrx_word' id='word_1_157' title='bbox 382 2354 623 2426; x_wconf 81' lang='lat' dir='ltr'>qualitercumque</span> <span class='ocrx_word' id='word_1_158' title='bbox 643 2353 813 2423; x_wconf 85' lang='lat' dir='ltr'>nuncupatis</span> <span class='ocrx_word' id='word_1_159' title='bbox 832 2353 909 2408; x_wconf 92' lang='lat' dir='ltr'>dicto</span> <span class='ocrx_word' id='word_1_160' title='bbox 925 2352 1042 2408; x_wconf 91' lang='lat' dir='ltr'>domino</span> <span class='ocrx_word' id='word_1_161' title='bbox 1061 2353 1185 2408; x_wconf 87' lang='lat' dir='ltr'>Henrico</span> <span class='ocrx_word' id='word_1_162' title='bbox 1202 2354 1273 2409; x_wconf 88' lang='lat' dir='ltr'>velle</span> <span class='ocrx_word' id='word_1_163' title='bbox 1285 2347 1439 2438; x_wconf 42' lang='lat' dir='ltr'>{3¹:332ssss</span> 
     </span>
    </p>
   </div>
   <div class='ocr_carea' id='block_1_9' title="bbox 165 2439 1437 4102">
    <p class='ocr_par' dir='ltr' id='par_1_9' title="bbox 165 2439 1437 3834">
     <span class='ocr_line' id='line_1_20' title="bbox 166 2439 1418 2516; baseline 0.002 -22"><span class='ocrx_word' id='word_1_164' title='bbox 166 2439 283 2508; x_wconf 90' lang='lat' dir='ltr'>soluere,</span> <span class='ocrx_word' id='word_1_165' title='bbox 301 2451 418 2512; x_wconf 90' lang='lat' dir='ltr'>optenta</span> <span class='ocrx_word' id='word_1_166' title='bbox 434 2443 511 2511; x_wconf 92' lang='lat' dir='ltr'>prius</span> <span class='ocrx_word' id='word_1_167' title='bbox 528 2442 705 2498; x_wconf 85' lang='lat' dir='ltr'>discussione</span> <span class='ocrx_word' id='word_1_168' title='bbox 719 2459 816 2496; x_wconf 90' lang='lat' dir='ltr'>coram</span> <span class='ocrx_word' id='word_1_169' title='bbox 833 2439 910 2496; x_wconf 90' lang='lat' dir='ltr'>dicto</span> <span class='ocrx_word' id='word_1_170' title='bbox 924 2441 1041 2496; x_wconf 91' lang='lat' dir='ltr'>domino</span> <span class='ocrx_word' id='word_1_171' title='bbox 1059 2440 1172 2497; x_wconf 83' lang='lat' dir='ltr'>officiali</span> <span class='ocrx_word' id='word_1_172' title='bbox 1189 2459 1274 2514; x_wconf 88' lang='lat' dir='ltr'>super</span> <span class='ocrx_word' id='word_1_173' title='bbox 1286 2444 1314 2488; x_wconf 80' lang='lat' dir='ltr'>or</span> <span class='ocrx_word' id='word_1_174' title='bbox 1321 2445 1418 2516; x_wconf 52' lang='lat'>⁸3⁸⁰*</span> 
     </span>
     <span class='ocr_line' id='line_1_21' title="bbox 165 2495 1437 2602; baseline 0.003 -18"><span class='ocrx_word' id='word_1_175' title='bbox 165 2529 326 2586; x_wconf 88' lang='lat' dir='ltr'>huiusmodi</span> <span class='ocrx_word' id='word_1_176' title='bbox 355 2531 484 2601; x_wconf 87' lang='lat' dir='ltr'>decimis,</span> <span class='ocrx_word' id='word_1_177' title='bbox 508 2549 545 2586; x_wconf 90' lang='lat' dir='ltr'>an</span> <span class='ocrx_word' id='word_1_178' title='bbox 575 2531 653 2588; x_wconf 87' lang='lat' dir='ltr'>dicto</span> <span class='ocrx_word' id='word_1_179' title='bbox 681 2530 798 2587; x_wconf 90' lang='lat' dir='ltr'>domino</span> <span class='ocrx_word' id='word_1_180' title='bbox 830 2531 956 2586; x_wconf 88' lang='lat' dir='ltr'>Henrico</span> <span class='ocrx_word' id='word_1_181' title='bbox 984 2547 1070 2602; x_wconf 88' lang='lat' dir='ltr'>super</span> <span class='ocrx_word' id='word_1_182' title='bbox 1097 2530 1151 2600; x_wconf 84' lang='lat' dir='ltr'>hijs</span> <span class='ocrx_word' id='word_1_183' title='bbox 1180 2531 1273 2602; x_wconf 88' lang='lat' dir='ltr'>ipsum</span> <span class='ocrx_word' id='word_1_184' title='bbox 1286 2495 1437 2596; x_wconf 53' lang='lat' dir='ltr'>iiiriedim</span> 
     </span>
     <span class='ocr_line' id='line_1_22' title="bbox 167 2595 1435 2690; baseline 0.002 -18"><span class='ocrx_word' id='word_1_185' title='bbox 167 2618 357 2689; x_wconf 79' lang='lat' dir='ltr'>Reginaldum</span> <span class='ocrx_word' id='word_1_186' title='bbox 370 2619 398 2673; x_wconf 91' lang='lat' dir='ltr'>in</span> <span class='ocrx_word' id='word_1_187' title='bbox 413 2619 518 2675; x_wconf 88' lang='lat' dir='ltr'>iudicio</span> <span class='ocrx_word' id='word_1_188' title='bbox 529 2619 707 2690; x_wconf 86' lang='lat' dir='ltr'>inquietanti,</span> <span class='ocrx_word' id='word_1_189' title='bbox 718 2618 763 2674; x_wconf 89' lang='lat' dir='ltr'>vel</span> <span class='ocrx_word' id='word_1_190' title='bbox 776 2618 914 2688; x_wconf 75' lang='lat' dir='ltr'>religiosis</span> <span class='ocrx_word' id='word_1_191' title='bbox 926 2617 992 2673; x_wconf 86' lang='lat' dir='ltr'>viris</span> <span class='ocrx_word' id='word_1_192' title='bbox 1005 2619 1122 2673; x_wconf 90' lang='lat' dir='ltr'>domino</span> <span class='ocrx_word' id='word_1_193' title='bbox 1137 2619 1223 2673; x_wconf 88' lang='lat' dir='ltr'>Priori</span> <span class='ocrx_word' id='word_1_194' title='bbox 1236 2620 1274 2675; x_wconf 90' lang='lat' dir='ltr'>de</span> <span class='ocrx_word' id='word_1_195' title='bbox 1288 2595 1368 2648; x_wconf 57' lang='lat' dir='ltr'>‘my</span> <span class='ocrx_word' id='word_1_196' title='bbox 1378 2597 1435 2649; x_wconf 65' lang='lat'>¹²⁸⁷·</span> 
     </span>
     <span class='ocr_line' id='line_1_23' title="bbox 168 2705 1273 2778; baseline 0.001 -16"><span class='ocrx_word' id='word_1_197' title='bbox 168 2707 338 2763; x_wconf 70' lang='lat' dir='ltr'>Bemwelle</span> <span class='ocrx_word' id='word_1_198' title='bbox 353 2716 381 2762; x_wconf 89' lang='lat' dir='ltr'>et</span> <span class='ocrx_word' id='word_1_199' title='bbox 393 2707 522 2763; x_wconf 85' lang='lat' dir='ltr'>eiusdem</span> <span class='ocrx_word' id='word_1_200' title='bbox 534 2707 589 2763; x_wconf 91' lang='lat' dir='ltr'>loci</span> <span class='ocrx_word' id='word_1_201' title='bbox 602 2707 753 2762; x_wconf 89' lang='lat' dir='ltr'>conuentui</span> <span class='ocrx_word' id='word_1_202' title='bbox 764 2705 856 2777; x_wconf 87' lang='lat' dir='ltr'>ipsum</span> <span class='ocrx_word' id='word_1_203' title='bbox 868 2705 1056 2776; x_wconf 77' lang='lat' dir='ltr'>Reginaldurn</span> <span class='ocrx_word' id='word_1_204' title='bbox 1070 2723 1154 2778; x_wconf 89' lang='lat' dir='ltr'>super</span> <span class='ocrx_word' id='word_1_205' title='bbox 1165 2707 1273 2763; x_wconf 90' lang='lat' dir='ltr'>eisdem</span> 
     </span>
     <span class='ocr_line' id='line_1_24' title="bbox 165 2793 1274 2866; baseline 0.003 -17"><span class='ocrx_word' id='word_1_206' title='bbox 165 2793 284 2850; x_wconf 87' lang='lat' dir='ltr'>decimis</span> <span class='ocrx_word' id='word_1_207' title='bbox 300 2795 476 2852; x_wconf 81' lang='lat' dir='ltr'>volentibus³</span> <span class='ocrx_word' id='word_1_208' title='bbox 492 2805 522 2850; x_wconf 88' lang='lat' dir='ltr'>vt</span> <span class='ocrx_word' id='word_1_209' title='bbox 538 2795 642 2850; x_wconf 89' lang='lat' dir='ltr'>dicitur</span> <span class='ocrx_word' id='word_1_210' title='bbox 658 2793 815 2866; x_wconf 88' lang='lat' dir='ltr'>inquietare</span> <span class='ocrx_word' id='word_1_211' title='bbox 831 2804 860 2850; x_wconf 93' lang='lat' dir='ltr'>et</span> <span class='ocrx_word' id='word_1_212' title='bbox 876 2809 986 2864; x_wconf 89' lang='lat' dir='ltr'>vexare,</span> <span class='ocrx_word' id='word_1_213' title='bbox 999 2794 1128 2849; x_wconf 78' lang='lat' dir='ltr'>nomine⁴</span> <span class='ocrx_word' id='word_1_214' title='bbox 1146 2796 1274 2852; x_wconf 86' lang='lat' dir='ltr'>Ecclesie</span> 
     </span>
     <span class='ocr_line' id='line_1_25' title="bbox 166 2882 1273 2955; baseline 0.002 -19"><span class='ocrx_word' id='word_1_215' title='bbox 166 2882 292 2938; x_wconf 88' lang='lat' dir='ltr'>omnium</span> <span class='ocrx_word' id='word_1_216' title='bbox 312 2885 481 2940; x_wconf 90' lang='lat' dir='ltr'>Sanctorum</span> <span class='ocrx_word' id='word_1_217' title='bbox 498 2883 534 2940; x_wconf 91' lang='lat' dir='ltr'>ad</span> <span class='ocrx_word' id='word_1_218' title='bbox 555 2885 685 2940; x_wconf 87' lang='lat' dir='ltr'>Castrum</span> <span class='ocrx_word' id='word_1_219' title='bbox 706 2882 734 2936; x_wconf 92' lang='lat' dir='ltr'>in</span> <span class='ocrx_word' id='word_1_220' title='bbox 754 2882 935 2953; x_wconf 81' lang='lat' dir='ltr'>Cantebrigia</span> <span class='ocrx_word' id='word_1_221' title='bbox 952 2899 1037 2954; x_wconf 87' lang='lat' dir='ltr'>quam</span> <span class='ocrx_word' id='word_1_222' title='bbox 1057 2883 1132 2939; x_wconf 88' lang='lat' dir='ltr'>idem</span> <span class='ocrx_word' id='word_1_223' title='bbox 1151 2883 1273 2955; x_wconf 86' lang='lat' dir='ltr'>religiosi</span> 
     </span>
     <span class='ocr_line' id='line_1_26' title="bbox 165 2969 1273 3043; baseline 0.004 -19"><span class='ocrx_word' id='word_1_224' title='bbox 165 2969 294 3040; x_wconf 86' lang='lat' dir='ltr'>optinent</span> <span class='ocrx_word' id='word_1_225' title='bbox 312 2970 340 3026; x_wconf 94' lang='lat' dir='ltr'>in</span> <span class='ocrx_word' id='word_1_226' title='bbox 359 2971 489 3043; x_wconf 89' lang='lat' dir='ltr'>proprios</span> <span class='ocrx_word' id='word_1_227' title='bbox 506 2987 583 3040; x_wconf 80' lang='lat' dir='ltr'>rsus,</span> <span class='ocrx_word' id='word_1_228' title='bbox 601 2981 630 3028; x_wconf 93' lang='lat' dir='ltr'>et</span> <span class='ocrx_word' id='word_1_229' title='bbox 649 2970 785 3026; x_wconf 89' lang='lat' dir='ltr'>canonice</span> <span class='ocrx_word' id='word_1_230' title='bbox 804 2981 909 3040; x_wconf 90' lang='lat' dir='ltr'>tenent,</span> <span class='ocrx_word' id='word_1_231' title='bbox 926 2970 1086 3027; x_wconf 90' lang='lat' dir='ltr'>huiusmodi</span> <span class='ocrx_word' id='word_1_232' title='bbox 1105 2971 1214 3027; x_wconf 87' lang='lat' dir='ltr'>decime</span> <span class='ocrx_word' id='word_1_233' title='bbox 1232 2973 1273 3028; x_wconf 90' lang='lat' dir='ltr'>sic</span> 
     </span>
     <span class='ocr_line' id='line_1_27' title="bbox 165 3057 1273 3130; baseline 0.004 -18"><span class='ocrx_word' id='word_1_234' title='bbox 165 3059 365 3127; x_wconf 90' lang='lat' dir='ltr'>prouenientes</span> <span class='ocrx_word' id='word_1_235' title='bbox 384 3059 412 3114; x_wconf 92' lang='lat' dir='ltr'>in</span> <span class='ocrx_word' id='word_1_236' title='bbox 430 3071 511 3130; x_wconf 88' lang='lat' dir='ltr'>parte</span> <span class='ocrx_word' id='word_1_237' title='bbox 528 3061 572 3114; x_wconf 85' lang='lat' dir='ltr'>vel</span> <span class='ocrx_word' id='word_1_238' title='bbox 592 3059 620 3112; x_wconf 92' lang='lat' dir='ltr'>in</span> <span class='ocrx_word' id='word_1_239' title='bbox 643 3068 703 3115; x_wconf 90' lang='lat' dir='ltr'>toto</span> <span class='ocrx_word' id='word_1_240' title='bbox 721 3059 766 3114; x_wconf 89' lang='lat' dir='ltr'>vel</span> <span class='ocrx_word' id='word_1_241' title='bbox 784 3057 1033 3130; x_wconf 89' lang='lat' dir='ltr'>proporcionaliter</span> <span class='ocrx_word' id='word_1_242' title='bbox 1051 3059 1120 3115; x_wconf 91' lang='lat' dir='ltr'>solui</span> <span class='ocrx_word' id='word_1_243' title='bbox 1141 3060 1273 3129; x_wconf 88' lang='lat' dir='ltr'>debeant,</span> 
     </span>
     <span class='ocr_line' id='line_1_28' title="bbox 166 3142 1274 3216; baseline 0.005 -18"><span class='ocrx_word' id='word_1_244' title='bbox 166 3142 297 3212; x_wconf 87' lang='lat' dir='ltr'>precipue</span> <span class='ocrx_word' id='word_1_245' title='bbox 325 3161 390 3200; x_wconf 89' lang='lat' dir='ltr'>cum</span> <span class='ocrx_word' id='word_1_246' title='bbox 413 3143 574 3200; x_wconf 88' lang='lat' dir='ltr'>huiusmodi</span> <span class='ocrx_word' id='word_1_247' title='bbox 600 3143 692 3198; x_wconf 89' lang='lat' dir='ltr'>solum</span> <span class='ocrx_word' id='word_1_248' title='bbox 717 3143 752 3199; x_wconf 92' lang='lat' dir='ltr'>sit</span> <span class='ocrx_word' id='word_1_249' title='bbox 777 3143 806 3198; x_wconf 86' lang='lat' dir='ltr'>in</span> <span class='ocrx_word' id='word_1_250' title='bbox 831 3143 965 3214; x_wconf 88' lang='lat' dir='ltr'>parochia</span> <span class='ocrx_word' id='word_1_251' title='bbox 987 3143 1131 3216; x_wconf 76' lang='lat' dir='ltr'>utriusque</span> <span class='ocrx_word' id='word_1_252' title='bbox 1155 3145 1274 3204; x_wconf 89' lang='lat' dir='ltr'>ecclesie</span> 
     </span>
     <span class='ocr_line' id='line_1_29' title="bbox 166 3230 1273 3304; baseline 0.005 -18"><span class='ocrx_word' id='word_1_253' title='bbox 166 3230 291 3301; x_wconf 88' lang='lat' dir='ltr'>predicte</span> <span class='ocrx_word' id='word_1_254' title='bbox 303 3230 390 3286; x_wconf 88' lang='lat' dir='ltr'>situm</span> <span class='ocrx_word' id='word_1_255' title='bbox 402 3231 659 3304; x_wconf 89' lang='lat' dir='ltr'>proporcionaliter.</span> <span class='ocrx_word' id='word_1_256' title='bbox 690 3232 821 3287; x_wconf 87' lang='lat' dir='ltr'>Tandem</span> <span class='ocrx_word' id='word_1_257' title='bbox 834 3243 900 3303; x_wconf 93' lang='lat' dir='ltr'>post</span> <span class='ocrx_word' id='word_1_258' title='bbox 911 3233 1062 3288; x_wconf 86' lang='lat' dir='ltr'>nonnullas</span> <span class='ocrx_word' id='word_1_259' title='bbox 1071 3233 1273 3292; x_wconf 84' lang='lat' dir='ltr'>altercaciones</span> 
     </span>
     <span class='ocr_line' id='line_1_30' title="bbox 165 3318 1274 3392; baseline 0.006 -20"><span class='ocrx_word' id='word_1_260' title='bbox 165 3318 232 3374; x_wconf 89' lang='lat' dir='ltr'>hinc</span> <span class='ocrx_word' id='word_1_261' title='bbox 257 3319 322 3374; x_wconf 91' lang='lat' dir='ltr'>inde</span> <span class='ocrx_word' id='word_1_262' title='bbox 345 3318 458 3375; x_wconf 88' lang='lat' dir='ltr'>habitas</span> <span class='ocrx_word' id='word_1_263' title='bbox 484 3318 559 3375; x_wconf 90' lang='lat' dir='ltr'>idem</span> <span class='ocrx_word' id='word_1_264' title='bbox 583 3319 715 3375; x_wconf 90' lang='lat' dir='ltr'>dominus</span> <span class='ocrx_word' id='word_1_265' title='bbox 743 3318 883 3374; x_wconf 90' lang='lat' dir='ltr'>Henricus</span> <span class='ocrx_word' id='word_1_266' title='bbox 907 3336 959 3390; x_wconf 92' lang='lat' dir='ltr'>pro</span> <span class='ocrx_word' id='word_1_267' title='bbox 984 3320 1059 3376; x_wconf 89' lang='lat' dir='ltr'>bono</span> <span class='ocrx_word' id='word_1_268' title='bbox 1080 3320 1160 3392; x_wconf 89' lang='lat' dir='ltr'>pacis</span> <span class='ocrx_word' id='word_1_269' title='bbox 1184 3323 1274 3379; x_wconf 88' lang='lat' dir='ltr'>voluit</span> 
     </span>
     <span class='ocr_line' id='line_1_31' title="bbox 165 3407 1272 3480; baseline 0.002 -16"><span class='ocrx_word' id='word_1_270' title='bbox 165 3416 194 3464; x_wconf 89' lang='lat' dir='ltr'>et</span> <span class='ocrx_word' id='word_1_271' title='bbox 211 3407 353 3464; x_wconf 87' lang='lat' dir='ltr'>concessit</span> <span class='ocrx_word' id='word_1_272' title='bbox 365 3418 394 3463; x_wconf 89' lang='lat' dir='ltr'>vt</span> <span class='ocrx_word' id='word_1_273' title='bbox 411 3419 470 3463; x_wconf 88' lang='lat' dir='ltr'>tarn</span> <span class='ocrx_word' id='word_1_274' title='bbox 486 3407 547 3479; x_wconf 90' lang='lat' dir='ltr'>ipse</span> <span class='ocrx_word' id='word_1_275' title='bbox 564 3425 650 3480; x_wconf 91' lang='lat' dir='ltr'>quam</span> <span class='ocrx_word' id='word_1_276' title='bbox 667 3407 790 3479; x_wconf 82' lang='lat' dir='ltr'>religiosi</span> <span class='ocrx_word' id='word_1_277' title='bbox 806 3407 954 3464; x_wconf 88' lang='lat' dir='ltr'>memorati</span> <span class='ocrx_word' id='word_1_278' title='bbox 972 3408 1132 3466; x_wconf 89' lang='lat' dir='ltr'>huiusmodi</span> <span class='ocrx_word' id='word_1_279' title='bbox 1147 3409 1272 3466; x_wconf 84' lang='lat' dir='ltr'>decimas</span> 
     </span>
     <span class='ocr_line' id='line_1_32' title="bbox 166 3495 1272 3568; baseline 0.003 -16"><span class='ocrx_word' id='word_1_280' title='bbox 166 3507 196 3553; x_wconf 86' lang='lat' dir='ltr'>vt</span> <span class='ocrx_word' id='word_1_281' title='bbox 212 3497 382 3568; x_wconf 88' lang='lat' dir='ltr'>premittitur</span> <span class='ocrx_word' id='word_1_282' title='bbox 393 3495 554 3551; x_wconf 87' lang='lat' dir='ltr'>nominatas</span> <span class='ocrx_word' id='word_1_283' title='bbox 571 3497 607 3551; x_wconf 90' lang='lat' dir='ltr'>de</span> <span class='ocrx_word' id='word_1_284' title='bbox 624 3495 760 3564; x_wconf 88' lang='lat' dir='ltr'>bercaria,</span> <span class='ocrx_word' id='word_1_285' title='bbox 773 3495 948 3551; x_wconf 87' lang='lat' dir='ltr'>columbario</span> <span class='ocrx_word' id='word_1_286' title='bbox 967 3506 996 3551; x_wconf 91' lang='lat' dir='ltr'>et</span> <span class='ocrx_word' id='word_1_287' title='bbox 1013 3497 1096 3552; x_wconf 87' lang='lat' dir='ltr'>rebus</span> <span class='ocrx_word' id='word_1_288' title='bbox 1114 3497 1178 3568; x_wconf 85' lang='lat' dir='ltr'>alijs</span> <span class='ocrx_word' id='word_1_289' title='bbox 1194 3509 1272 3555; x_wconf 91' lang='lat' dir='ltr'>ante·</span> 
     </span>
     <span class='ocr_line' id='line_1_33' title="bbox 166 3583 1273 3656; baseline 0.002 -16"><span class='ocrx_word' id='word_1_290' title='bbox 166 3583 249 3642; x_wconf 91' lang='lat' dir='ltr'>dictis</span> <span class='ocrx_word' id='word_1_291' title='bbox 263 3583 334 3640; x_wconf 86' lang='lat' dir='ltr'>inira</span> <span class='ocrx_word' id='word_1_292' title='bbox 349 3586 439 3641; x_wconf 90' lang='lat' dir='ltr'>solum</span> <span class='ocrx_word' id='word_1_293' title='bbox 458 3583 614 3656; x_wconf 89' lang='lat' dir='ltr'>predictum</span> <span class='ocrx_word' id='word_1_294' title='bbox 631 3584 831 3655; x_wconf 89' lang='lat' dir='ltr'>prouenientes</span> <span class='ocrx_word' id='word_1_295' title='bbox 844 3583 962 3653; x_wconf 81' lang='lat' dir='ltr'>singulis</span> <span class='ocrx_word' id='word_1_296' title='bbox 975 3585 1058 3641; x_wconf 86' lang='lat' dir='ltr'>annis</span> <span class='ocrx_word' id='word_1_297' title='bbox 1070 3602 1122 3656; x_wconf 94' lang='lat' dir='ltr'>pro</span> <span class='ocrx_word' id='word_1_298' title='bbox 1139 3597 1200 3643; x_wconf 88' lang='lat' dir='ltr'>rata</span> <span class='ocrx_word' id='word_1_299' title='bbox 1213 3587 1273 3642; x_wconf 89' lang='lat' dir='ltr'>siue</span> 
     </span>
     <span class='ocr_line' id='line_1_34' title="bbox 165 3670 1273 3746; baseline 0.002 -18"><span class='ocrx_word' id='word_1_300' title='bbox 165 3673 415 3745; x_wconf 88' lang='lat' dir='ltr'>proporcionaliter</span> <span class='ocrx_word' id='word_1_301' title='bbox 436 3671 601 3744; x_wconf 86' lang='lat' dir='ltr'>percipiant,</span> <span class='ocrx_word' id='word_1_302' title='bbox 623 3671 699 3726; x_wconf 91' lang='lat' dir='ltr'>omni</span> <span class='ocrx_word' id='word_1_303' title='bbox 724 3670 947 3728; x_wconf 84' lang='lat' dir='ltr'>contradictione</span> <span class='ocrx_word' id='word_1_304' title='bbox 972 3671 1060 3744; x_wconf 89' lang='lat' dir='ltr'>ipsius</span> <span class='ocrx_word' id='word_1_305' title='bbox 1085 3673 1200 3730; x_wconf 88' lang='lat' dir='ltr'>Henrici</span> <span class='ocrx_word' id='word_1_306' title='bbox 1222 3693 1273 3746; x_wconf 91' lang='lat' dir='ltr'>pro</span> 
     </span>
     <span class='ocr_line' id='line_1_35' title="bbox 166 3759 707 3834; baseline -0.004 -16"><span class='ocrx_word' id='word_1_307' title='bbox 166 3772 293 3834; x_wconf 83' lang='lat' dir='ltr'>tempore</span> <span class='ocrx_word' id='word_1_308' title='bbox 306 3778 357 3818; x_wconf 89' lang='lat' dir='ltr'>suo</span> <span class='ocrx_word' id='word_1_309' title='bbox 370 3771 500 3818; x_wconf 89' lang='lat' dir='ltr'>cessante</span> <span class='ocrx_word' id='word_1_310' title='bbox 513 3761 542 3814; x_wconf 92' lang='lat' dir='ltr'>in</span> <span class='ocrx_word' id='word_1_311' title='bbox 555 3759 707 3832; x_wconf 86' lang='lat' dir='ltr'>premissis.</span> 
     </span>
    </p>

    <p class='ocr_par' dir='ltr' id='par_1_10' title="bbox 166 3847 1273 4102">
     <span class='ocr_line' id='line_1_36' title="bbox 222 3847 1271 3924; baseline 0.002 -20"><span class='ocrx_word' id='word_1_312' title='bbox 222 3851 255 3904; x_wconf 90' lang='lat' dir='ltr'>ln</span> <span class='ocrx_word' id='word_1_313' title='bbox 273 3849 353 3905; x_wconf 88' lang='lat' dir='ltr'>cuius</span> <span class='ocrx_word' id='word_1_314' title='bbox 370 3849 410 3905; x_wconf 92' lang='lat' dir='ltr'>rei</span> <span class='ocrx_word' id='word_1_315' title='bbox 427 3847 622 3904; x_wconf 88' lang='lat' dir='ltr'>testimonium</span> <span class='ocrx_word' id='word_1_316' title='bbox 639 3849 762 3920; x_wconf 86' lang='lat' dir='ltr'>presenti</span> <span class='ocrx_word' id='word_1_317' title='bbox 779 3849 886 3920; x_wconf 88' lang='lat' dir='ltr'>scripto</span> <span class='ocrx_word' id='word_1_318' title='bbox 903 3866 955 3920; x_wconf 87' lang='lat' dir='ltr'>per</span> <span class='ocrx_word' id='word_1_319' title='bbox 971 3850 1087 3906; x_wconf 91' lang='lat' dir='ltr'>modum</span> <span class='ocrx_word' id='word_1_320' title='bbox 1106 3852 1271 3924; x_wconf 78' lang='lat' dir='ltr'>cyrographi</span> 
     </span>
     <span class='ocr_line' id='line_1_37' title="bbox 166 3936 1273 4010; baseline 0.005 -18"><span class='ocrx_word' id='word_1_321' title='bbox 166 3939 320 4006; x_wconf 88' lang='lat' dir='ltr'>indentato,</span> <span class='ocrx_word' id='word_1_322' title='bbox 335 3937 414 3994; x_wconf 91' lang='lat' dir='ltr'>cuius</span> <span class='ocrx_word' id='word_1_323' title='bbox 431 3954 488 3992; x_wconf 88' lang='lat' dir='ltr'>vna</span> <span class='ocrx_word' id='word_1_324' title='bbox 503 3954 569 4007; x_wconf 87' lang='lat' dir='ltr'>pars</span> <span class='ocrx_word' id='word_1_325' title='bbox 586 3954 674 4009; x_wconf 91' lang='lat' dir='ltr'>penes</span> <span class='ocrx_word' id='word_1_326' title='bbox 693 3936 851 4010; x_wconf 86' lang='lat' dir='ltr'>predictum</span> <span class='ocrx_word' id='word_1_327' title='bbox 872 3937 1037 4006; x_wconf 89' lang='lat' dir='ltr'>Henricum,</span> <span class='ocrx_word' id='word_1_328' title='bbox 1054 3947 1082 3994; x_wconf 91' lang='lat' dir='ltr'>et</span> <span class='ocrx_word' id='word_1_329' title='bbox 1100 3940 1188 3996; x_wconf 85' lang='lat' dir='ltr'>altera</span> <span class='ocrx_word' id='word_1_330' title='bbox 1206 3956 1273 4010; x_wconf 84' lang='lat' dir='ltr'>pars</span> 
     </span>
     <span class='ocr_line' id='line_1_38' title="bbox 166 4025 1270 4102; baseline 0.004 -22"><span class='ocrx_word' id='word_1_331' title='bbox 166 4043 254 4097; x_wconf 89' lang='lat' dir='ltr'>penes</span> <span class='ocrx_word' id='word_1_332' title='bbox 283 4026 375 4082; x_wconf 91' lang='lat' dir='ltr'>dictos</span> <span class='ocrx_word' id='word_1_333' title='bbox 405 4025 552 4096; x_wconf 83' lang='lat' dir='ltr'>religiosos</span> <span class='ocrx_word' id='word_1_334' title='bbox 582 4026 749 4093; x_wconf 85' lang='lat' dir='ltr'>remanebit,</span> <span class='ocrx_word' id='word_1_335' title='bbox 780 4026 871 4096; x_wconf 83' lang='lat' dir='ltr'>sigillo</span> <span class='ocrx_word' id='word_1_336' title='bbox 904 4026 1084 4082; x_wconf 85' lang='lat' dir='ltr'>officialitatis</span> <span class='ocrx_word' id='word_1_337' title='bbox 1114 4028 1270 4102; x_wconf 87' lang='lat' dir='ltr'>consistorij</span> 
     </span>
    </p>
   </div>
   <div class='ocr_carea' id='block_1_10' title="bbox 165 4113 1163 4185">
    <p class='ocr_par' dir='ltr' id='par_1_11' title="bbox 165 4113 1163 4185">
     <span class='ocr_line' id='line_1_39' title="bbox 165 4113 1163 4185; baseline -0.002 -15"><span class='ocrx_word' id='word_1_338' title='bbox 165 4114 356 4170; x_wconf 84' lang='lat' dir='ltr'>archidiaconi</span> <span class='ocrx_word' id='word_1_339' title='bbox 377 4113 509 4184; x_wconf 84' lang='lat' dir='ltr'>Elyensis</span> <span class='ocrx_word' id='word_1_340' title='bbox 528 4113 652 4183; x_wconf 79' lang='lat' dir='ltr'>sigillato</span> <span class='ocrx_word' id='word_1_341' title='bbox 670 4113 707 4169; x_wconf 89' lang='lat' dir='ltr'>ad</span> <span class='ocrx_word' id='word_1_342' title='bbox 727 4113 896 4169; x_wconf 86' lang='lat' dir='ltr'>instanciam</span> <span class='ocrx_word' id='word_1_343' title='bbox 915 4113 1163 4185; x_wconf 72' lang='lat' dir='ltr'>predictorum...l.</span> 
     </span>
    </p>
   </div>
   <div class='ocr_carea' id='block_1_11' title="bbox 167 4235 1271 4535">
    <p class='ocr_par' dir='ltr' id='par_1_12' title="bbox 167 4235 1271 4535">
     <span class='ocr_line' id='line_1_40' title="bbox 214 4235 1105 4304; baseline 0.001 -17"><span class='ocrx_word' id='word_1_344' title='bbox 214 4235 223 4268; x_wconf 90' lang='lat'>¹</span> <span class='ocrx_word' id='word_1_345' title='bbox 240 4237 413 4304; x_wconf 68' lang='lat' dir='ltr'>qualitatum,</span> <span class='ocrx_word' id='word_1_346' title='bbox 429 4237 487 4288; x_wconf 85' lang='lat' dir='ltr'>MS.</span> <span class='ocrx_word' id='word_1_347' title='bbox 649 4235 661 4266; x_wconf 90' lang='lat'><strong>¹</strong></span> <span class='ocrx_word' id='word_1_348' title='bbox 676 4236 741 4286; x_wconf 81' lang='lat' dir='ltr'>&#39;l’lris</span> <span class='ocrx_word' id='word_1_349' title='bbox 752 4235 773 4286; x_wconf 88' lang='lat' dir='ltr'>is</span> <span class='ocrx_word' id='word_1_350' title='bbox 784 4237 827 4288; x_wconf 85' lang='lat' dir='ltr'>the</span> <span class='ocrx_word' id='word_1_351' title='bbox 839 4236 944 4304; x_wconf 76' lang='lat' dir='ltr'>reading</span> <span class='ocrx_word' id='word_1_352' title='bbox 954 4237 984 4288; x_wconf 82' lang='lat' dir='ltr'>oi</span> <span class='ocrx_word' id='word_1_353' title='bbox 992 4238 1035 4289; x_wconf 85' lang='lat' dir='ltr'>the</span> <span class='ocrx_word' id='word_1_354' title='bbox 1048 4237 1105 4290; x_wconf 85' lang='lat' dir='ltr'>MS.</span> 
     </span>
     <span class='ocr_line' id='line_1_41' title="bbox 214 4318 853 4378; baseline 0 -10"><span class='ocrx_word' id='word_1_355' title='bbox 214 4320 225 4351; x_wconf 80' lang='lat'><strong>³</strong></span> <span class='ocrx_word' id='word_1_356' title='bbox 241 4319 314 4377; x_wconf 83' lang='lat' dir='ltr'>velle.</span> <span class='ocrx_word' id='word_1_357' title='bbox 328 4319 385 4370; x_wconf 82' lang='lat' dir='ltr'>MS.</span> <span class='ocrx_word' id='word_1_358' title='bbox 649 4318 661 4350; x_wconf 81' lang='lat'><strong>⁴</strong></span> <span class='ocrx_word' id='word_1_359' title='bbox 677 4318 782 4378; x_wconf 85' lang='lat' dir='ltr'>nomini,</span> <span class='ocrx_word' id='word_1_360' title='bbox 795 4320 853 4371; x_wconf 85' lang='lat' dir='ltr'>MS.</span> 
     </span>
     <span class='ocr_line' id='line_1_42' title="bbox 167 4399 1271 4535; baseline 0.006 -85"><span class='ocrx_word' id='word_1_361' title='bbox 167 4399 654 4535; x_wconf 46' lang='lat' dir='ltr'>ffie⁸51iiffia&#39;&#39;‘predicmm&#39;ms&#39;⁵</span> <span class='ocrx_word' id='word_1_362' title='bbox 673 4402 717 4452; x_wconf 89' lang='lat' dir='ltr'>but</span> <span class='ocrx_word' id='word_1_363' title='bbox 732 4417 802 4452; x_wconf 84' lang='lat' dir='ltr'>some</span> <span class='ocrx_word' id='word_1_364' title='bbox 817 4403 900 4452; x_wconf 88' lang='lat' dir='ltr'>words</span> <span class='ocrx_word' id='word_1_365' title='bbox 915 4417 957 4453; x_wconf 87' lang='lat' dir='ltr'>are</span> <span class='ocrx_word' id='word_1_366' title='bbox 973 4403 1085 4468; x_wconf 79' lang='lat' dir='ltr'>wanting</span> <span class='ocrx_word' id='word_1_367' title='bbox 1103 4412 1129 4454; x_wconf 92' lang='lat' dir='ltr'>to</span> <span class='ocrx_word' id='word_1_368' title='bbox 1146 4403 1271 4469; x_wconf 84' lang='lat' dir='ltr'>cornplete</span> 
     </span>
    </p>
   </div>
   <div class='ocr_carea' id='block_1_12' title="bbox 0 0 1600 5102">
    <p class='ocr_par' dir='ltr' id='par_1_13' title="bbox 0 0 1600 5102">
     <span class='ocr_line' id='line_1_43' title="bbox 0 0 1600 5102; baseline 0 0"><span class='ocrx_word' id='word_1_369' title='bbox 0 0 1600 5102; x_wconf 95' lang='lat' dir='ltr'> </span> 
     </span>
    </p>
   </div>
  </div>
 </body>
</html>
