3192 5102
90 395 158 497 v1]
445 400 547 475 Vz'ew
572 401 882 502 (ffsrankpledge
1138 421 1207 496 273

169 737 209 802 In
237 739 450 804 comitatibus
482 740 698 824 cantebrigie
727 749 761 806 et
790 739 1038 826 Hunted0n[ie]
1066 740 1110 804 de
1136 741 1208 804 visu
1221 744 1239 796 f.
1257 745 1302 807 ¹56

92 856 204 923 franci
228 859 338 943 plegii.

266 1039 309 1104 In
331 1040 498 1105 hundredo
519 1041 559 1105 de
580 1040 772 1124 Eringford
791 1040 1043 1126 [Armingsord]

459 1147 499 1210 de
520 1147 595 1211 visu
608 1148 730 1231 franci
735 1147 847 1231 pkgy'i.

603 1307 658 1372 De
673 1307 844 1372 Willelmo
862 1307 986 1372 Pikard
1142 1307 1209 1389 .ij.s.

603 1413 658 1476 De
673 1413 828 1496 Johanne
844 1411 887 1477 de
904 1411 1015 1477 Beche
1142 1411 1209 1493 .ij.s.

169 1548 456 1614 mmmmm
602 1510 1123 1600 [De]Feod0Roberti'deBeche
1142 1517 1207 1599 .ij.s.

210 1654 370 1739 [Guilden
388 1654 555 1739 Morden}
603 1623 656 1686 De
673 1623 823 1687 Roberto
838 1623 881 1686 de
898 1623 1020 1687 Bancis
1142 1623 1209 1704 .ij.s.

603 1726 656 1791 De
673 1726 822 1790 Waltero
837 1726 880 1790 de
895 1724 1057 1790 Yselham
1143 1726 1173 1808 ,ij
1184 1748 1210 1789 s.

602 1831 656 1895 De
671 1830 842 1896 Willelmo
858 1830 901 1895 de
917 1830 1087 1896 Withenh’
1143 1830 1209 1912 .ij.s.

170 1933 202 1997 T
199 1933 523 2018 adehwcssadlow}
557 1934 611 1998 De
622 1934 770 1999 Fulcone
780 1935 848 1999 filio
859 1935 987 2000 Warini
1018 1935 1099 2002 dim.
1111 1955 1209 1998 marc.

165 2040 339 2106 Pinnecote
360 2041 513 2125 [Pincote
536 2041 568 2103 in
594 2039 756 2124 Tadlow].
803 2043 857 2106 De
882 2041 992 2104 Priore

725 2147 769 2211 de
792 2145 978 2238 Chikesarit
1109 2144 1209 2209 ,xxai

147 2249 286 2336 ,Hattel
299 2250 395 2335 [East
414 2250 564 2334 Hatiey].
611 2250 664 2314 De
681 2250 830 2316 Waltero
846 2251 899 2315 del
919 2251 976 2314 Ho
1108 2250 1207 2332 .xij.d.

166 2354 312 2439 Cloptone
326 2353 512 2440 [Ciopton].
560 2357 613 2420 De
630 2356 777 2421 Ricardo
792 2356 836 2421 de
853 2355 1018 2420 Audeuili
1141 2355 1207 2436 .ij.s.

167 2459 334 2526 Craudme
471 2461 524 2525 De
541 2460 691 2525 Roberto
707 2460 884 2526 Lulleman
1143 2459 1208 2542 .ij.s.

148 2645 151 2648 ¹
208 2563 406 2650 [Croydon].
436 2461 524 2648 {De
540 2563 661 2630 Colino
677 2564 720 2628 de
737 2565 883 2647 Feugers
1142 2562 1208 2644 .ijs.

448 2670 501 2733 De
518 2665 664 2731 Radulso
680 2667 749 2732 filio
765 2669 921 2733 Fuiconis

447 2771 501 2835 De
519 2772 665 2855 Hugone
681 2771 808 2838 Giffard

448 2876 501 2940 De
517 2875 688 2939 Willeimo
704 2877 870 2960 Engayne
1014 2877 1092 2942 dim.
1110 2899 1209 2944 marc.

448 2980 501 3043 De
515 2978 670 3061 Johanne
686 2979 754 3042 filio
772 2981 908 3045 Henrici

449 3083 501 3146 De
517 3081 628 3146 Alicia
645 3081 757 3147 Saunz
775 3083 921 3149 Manche

147 3161 150 3166 ’
175 3205 339 3270 waddone
454 3205 542 3392 loe
558 3204 710 3268 caliido
724 3205 767 3269 de
784 3204 969 3292 stalarffls]

208 3309 428 3394 [Whaddon].
488 3309 541 3374 De
558 3309 732 3393 Stephano
748 3309 877 3394 Turpin

177 2822 331 2903 Wendeye

211 2925 383 3010 [Wendy].

165 3413 361 3479 Kneeswrth
494 3415 512 3600 ἱ
527 3414 581 3477 De
598 3413 744 3478 Radulio
760 3414 803 3478 de
820 3414 959 3480 Dunton
977 3415 994 3602 Ι

208 3518 469 3603 [Kneesworth].
528 3518 582 3582 De
598 3518 815 3602 participibus
830 3521 897 3584 suis

306 3773 348 3836 In
370 3771 536 3836 hundredo
557 3772 597 3835 dc
621 3771 731 3836 Stowe
753 3771 998 3858 [Long·Stow].

398 3930 451 3994 De
475 3928 681 4012 Baldewyno
702 3931 745 3994 de
769 3929 882 3995 Stowe

399 4035 451 4098 Dc
475 4034 646 4098 Wiilelmo
669 4035 712 4098 de
736 4033 849 4099 Stowe
895 3938 911 4094 ἒ
1144 3997 1206 4040 'v's'

169 3979 277 4044 Stowe

208 4085 340 4170 [εἴων]
399 4139 453 4204 De
476 4139 628 4223 Symone
650 4139 845 4205 Camerario
1140 4139 1206 4223 .ijs.

166 4241 296 4307 Hattele
465 4245 518 4308 De
541 4244 713 4308 Willelmo
735 4245 778 4310 de
801 4243 928 4309 Sancto

206 4346 350 4431 [Hatley
366 4348 407 4414 St
550 4349 696 4432 Georgio
716 4359 750 4415 et
770 4350 929 4433 homagio
1106 4347 1207 4432 .xij.d.

250 4450 404 4537 George].
466 4455 518 4518 De
540 4453 694 4519 Gilberto
716 4453 771 4520 del
795 4453 866 4539 Sap

183 4595 210 4640 e.
1091 4587 1125 4644 18
