3222 5086
133 369 195 468 111]
364 372 504 469 aaran
539 372 709 446 Wrrlzam
734 372 778 446 a
803 372 997 471 Kilkenny
1171 393 1239 466 147

200 561 246 625 Et
258 583 334 627 cum
347 573 541 646 procurator
551 563 716 628 dictorum
729 574 946 628 executorum
962 573 1090 647 peteret
1105 565 1240 628 nomine

133 665 346 730 dominorum
377 688 511 732 suorum
543 688 563 730 a
593 667 730 752 prefatis
757 668 917 751 religiosis
947 679 1081 733 centum
1113 687 1241 731 marcas

133 770 377 853 sterlingorum,
405 773 438 835 in
469 773 591 856 quibus
621 772 721 836 iidem
754 772 898 856 religiosi
928 772 1057 855 prefato
1083 772 1242 855 episcopo

134 875 215 937 dum
232 877 360 939 uiueret
375 896 419 939 ex
435 896 536 940 causa
555 877 661 939 mutui
683 876 884 940 tenebantur
903 887 936 940 et
957 877 1066 940 adhuc
1087 886 1243 940 tenentur

135 988 171 1043 ut
188 979 329 1056 dicebat,
345 980 454 1044 dictus
470 990 664 1062 procurator
679 981 844 1044 dictorum
862 980 1089 1063 religiosorum
1105 979 1241 1044 conlite-

134 1083 233 1146 batur
254 1084 388 1148 nomine
409 1084 621 1148 dominorum
644 1104 779 1147 suorum
796 1085 931 1148 eosdem
949 1084 1120 1166 religiosos
1136 1083 1241 1146 teneri

135 1185 266 1270 prefato
295 1187 453 1270 episcopo
483 1196 516 1250 et
547 1187 783 1250 executoribus
814 1187 962 1251 eiusdem
997 1188 1030 1250 in
1065 1186 1243 1269 sexaginta
1257 1185 1408 1288 fggfflpg

135 1301 170 1355 et
197 1293 451 1372 quatuordecim
480 1291 598 1354 marcis
625 1290 857 1372 sterlingorum
883 1311 928 1354 ex
955 1311 1056 1354 causa
1086 1291 1244 1373 predicta,
1257 1287 1400 1391 “2⁸¹2ssssst

136 1415 287 1458 asserens
310 1417 396 1461 .xx.
420 1395 520 1459 libras
543 1395 702 1478 predictis
725 1395 870 1458 dominis
893 1395 961 1458 suis
984 1395 1018 1458 in
1041 1403 1244 1458 testamento
1256 1351 1391 1481 l‘fflf

138 1501 312 1563 memorati
345 1500 492 1582 episcopi
522 1520 596 1562 esse
622 1499 759 1582 legatas,
790 1508 908 1581 petens
939 1499 1074 1562 easdem
1101 1499 1245 1562 dominis
1258 1489 1393 1592 b‘ffi‘g‘g,

136 1605 205 1668 suis
221 1605 254 1668 in
272 1605 400 1688 presato
416 1605 530 1668 debito
547 1603 688 1668 allocari.
737 1605 782 1667 Et
802 1623 877 1666 cum
899 1624 1110 1685 quereremus
1132 1624 1152 1667 a
1172 1623 1245 1686 pre-

137 1708 208 1772 lato
232 1719 443 1791 procuratore
467 1708 631 1772 dictorum
659 1718 877 1771 executorum
905 1710 932 1772 si
960 1718 1090 1773 tantum
1117 1707 1244 1771 eisdem

138 1813 172 1874 in
199 1812 290 1875 dicto
316 1821 520 1876 testamento
547 1820 634 1874 esset
661 1810 819 1892 legatum,
847 1811 935 1873 idem
963 1821 1156 1892 procurator
1181 1809 1245 1872 hoc

138 1936 254 1980 uemm
271 1937 344 1979 esse
358 1915 587 1980 confitebatur.
634 1913 786 1978 Partibus
802 1933 901 1996 super
916 1914 1084 1998 premissis
1105 1912 1246 1996 petenti·

138 2020 201 2083 bus
237 2021 327 2102 quod
366 2039 426 2083 nos
464 2019 668 2083 sentenciam
708 2017 913 2096 terreremus
943 2039 1004 2082 nos
1041 2019 1246 2083 sentenciam

138 2123 277 2188 tulimus
299 2123 362 2188 sub
384 2125 446 2189 hac
470 2125 584 2188 forma.

196 2263 228 2316 ln
242 2260 356 2316 nomine
371 2259 478 2313 domini
492 2261 591 2314 Amen.
628 2258 741 2312 Auditis
759 2267 786 2312 et
804 2258 951 2314 intellectis
968 2258 1074 2314 meritis
1090 2275 1176 2316 cause
1192 2277 1247 2332 que
1261 2285 1314 2328 qh,

138 2349 257 2404 uertitur
269 2348 341 2402 inter
354 2356 515 2402 executores
527 2347 689 2402 testamenti
702 2347 776 2401 bone
789 2347 923 2402 memorie
939 2346 1047 2401 domini
1060 2347 1193 2403 Willelmi
1210 2349 1247 2404 de
1259 2333 1414 2429 ξῆξξζοξηοῑ

141 2436 275 2492 Kjlkenni
293 2435 437 2506 quondam
456 2435 586 2504 Elyensis
602 2435 729 2506 episcopi
745 2453 779 2490 ex
796 2445 875 2506 parte
891 2453 956 2505 vna,
969 2446 997 2491 et
1013 2436 1158 2508 religiosos
1171 2437 1246 2493 viros

141 2525 268 2578 Priorem
280 2535 307 2578 et
323 2524 502 2578 Conuentum
515 2523 551 2578 de
564 2523 735 2578 Bernewelle
748 2541 781 2577 ex
793 2524 889 2592 altera,
902 2525 1095 2582 confessiones
1107 2525 1246 2581 dictorum

140 2621 353 2684 procuratorum
374 2611 470 2678 secuti,
490 2611 619 2666 deductis
640 2611 676 2665 de
698 2611 844 2681 sexaginta
865 2621 892 2666 et
912 2612 1125 2684 quatuordecim
1145 2614 1247 2668 marcis

140 2701 275 2771 predictis
293 2699 393 2770 viginti
411 2698 489 2754 libris
507 2698 622 2770 prelatis
641 2699 779 2768 religiosis
799 2700 827 2754 in
849 2700 925 2756 dicto
947 2713 1117 2758 testamento
1138 2701 1247 2771 legatis,
1261 2704 1279 2754 i.
1293 2703 1348 2766 54b

141 2789 263 2842 eundem
285 2797 493 2858 procuratorem
515 2787 654 2842 dictorum
676 2789 877 2858 religiosorum,
899 2800 927 2844 et
953 2790 1029 2861 ipsos
1052 2789 1197 2859 religiosos
1219 2790 1248 2844 in
1262 2765 1396 2859 ffiggiff

141 2893 292 2948 personam
313 2877 354 2929 sui
374 2875 561 2944 procuratoris
580 2875 608 2928 in
627 2877 815 2946 quadraginta
833 2888 862 2932 et
879 2887 999 2947 quatuor
1017 2877 1119 2932 marcis
1138 2888 1248 2932 senten·
1262 2870 1409 2970 {ww

141 2965 250 3020 cialiter
266 2975 294 3018 et
313 2963 460 3016 diffinitiue
479 2963 730 3033 condempnemus,
743 2981 760 3016 a
779 2965 898 3020 residuis
915 2983 948 3019 ex
966 2976 1045 3036 parte
1062 2965 1249 3036 procuratoris
1264 2965 1399 3058 marphe·

142 3054 282 3108 dictorum
301 3061 480 3106 executorum
499 3051 594 3121 petitis
613 3063 641 3106 et
659 3053 687 3106 in
706 3052 824 3107 articulo
841 3053 981 3108 contentis
999 3053 1207 3109 sentencialiter
1221 3064 1250 3108 et
1265 3019 1323 3122 illl.
1340 3022 1414 3066 'w’

143 3140 299 3205 diffinitiue,
310 3139 345 3193 de
358 3155 497 3193 consensu
509 3139 697 3209 procuratoris
710 3140 849 3195 dictorum
862 3151 1049 3210 executorum,
1061 3142 1250 3209 absoluentes,

143 3229 307 3301 prefigendo
331 3225 504 3296 procuratori
535 3227 673 3282 dictorum
703 3228 897 3297 religiosorum
927 3228 1042 3284 nomine
1071 3228 1251 3284 dominorum

143 3333 258 3373 suorum
276 3324 304 3368 et
323 3315 391 3385 ipsis
410 3314 438 3368 in
458 3331 608 3384 personam
627 3314 694 3370 dicti
713 3316 901 3385 procuratoris
919 3316 1054 3370 terminos
1074 3315 1110 3370 ad
1128 3316 1251 3387 prelatas

143 3403 331 3476 quadraginta
348 3411 375 3456 et
392 3411 512 3472 quatuor
528 3419 639 3457 marcas
656 3402 841 3457 soluendum:
867 3403 973 3458 scilicet
991 3403 1019 3457 in
1032 3404 1175 3474 quindena
1187 3415 1251 3474 post

142 3493 246 3548 testum
264 3490 470 3562 purificacionis
488 3491 570 3545 beate
584 3489 672 3545 marie
684 3491 813 3560 proximo
829 3500 949 3546 uentura
965 3491 1064 3547 decem
1077 3492 1163 3548 libras
1176 3493 1251 3563 apud

146 3581 298 3636 Balesham
311 3578 428 3647 Elyensi
441 3579 573 3647 dyocesi;
594 3589 622 3634 et
640 3579 667 3633 in
685 3579 829 3650 quindena
847 3579 956 3634 Pascbe
973 3580 1101 3650 proximo
1118 3589 1253 3651 sequente

144 3667 287 3723 residuum
313 3665 418 3720 ibidem
443 3667 496 3721 sub
520 3683 594 3736 pena
617 3666 930 3734 excommunicacionis,
955 3684 1041 3737 quarn
1066 3684 1100 3722 ex
1123 3685 1199 3724 nunc
1223 3669 1252 3722 in

148 3755 272 3810 Priorem
301 3753 476 3825 subpriorem
506 3765 533 3808 et
558 3753 706 3832 sacristam
734 3755 900 3826 proferimus
931 3754 954 3810 si
985 3755 1014 3810 in
1042 3755 1186 3811 solucione
1216 3755 1253 3810 ad

145 3843 268 3915 aliquem
283 3841 434 3896 terminum
451 3841 641 3906 cessauerint;
665 3859 776 3898 necnon
794 3844 847 3898 sub
863 3859 938 3912 pena
954 3843 1079 3915 quinque
1095 3859 1253 3898 marcarum

145 3931 280 4004 quociens
302 3931 331 3985 in
356 3929 499 3985 solucione
521 3930 675 3986 defecerint
700 3931 729 3985 in
752 3930 908 3986 subsidium
929 3940 1003 3986 terre
1024 3941 1121 3986 sancte
1144 3931 1253 3986 soluen-

146 4022 254 4076 darum
305 4019 384 4088 Quos
409 4019 544 4072 terminos
567 4029 732 4089 procurator
760 4020 899 4074 dictorum
929 4019 1123 4089 religiosorum
1152 4029 1254 4090 sponte

148 4107 261 4164 admisit
280 4107 333 4162 sub
352 4106 432 4178 penis
451 4107 608 4162 antedictis.
648 4109 759 4178 Quibus
781 4107 971 4164 solucionibus
992 4108 1075 4163 sactis
1093 4108 1255 4163 restituetur

148 4196 231 4252 dictis
240 4195 378 4264 religiosis
387 4195 468 4249 litera
477 4194 645 4264 obligatoria
655 4211 739 4265 super
749 4205 862 4250 centum
871 4196 974 4250 marcis
983 4195 1117 4266 predictis
1126 4195 1256 4252 conlecta

148 4284 224 4354 apud
244 4283 403 4338 Balesham.
443 4281 477 4335 ln
495 4281 574 4336 cuius
593 4282 633 4334 rei
652 4282 844 4337 testimonium
867 4282 990 4352 sigillum
1009 4282 1108 4353 prelati
1128 4282 1255 4352 magistri

150 4370 309 4440 Reymundi
328 4368 434 4424 domini
452 4368 516 4436 mei,
530 4385 586 4422 vna
605 4387 670 4424 cum
689 4371 788 4441 sigillis
807 4370 946 4425 dictorum
965 4381 1175 4440 procuratorum
1194 4389 1257 4443 pre·

151 4458 276 4512 sentibus
295 4465 337 4511 est
356 4471 520 4526 appensum.
559 4455 667 4510 Datum
685 4473 760 4510 anno
777 4469 805 4511 et
824 4456 886 4511 loco
905 4456 1081 4526 supradictis.

1079 4589 1173 4630 10—-2
