3192 5102
134 367 212 468 v11]
500 370 536 443 T
530 379 662 444 enanis
688 368 728 441 z'n
755 367 889 442 Boura
1174 384 1243 458 ²95

205 555 371 622 Henricus
401 558 443 621 de
474 557 672 641 Knapwelle
698 565 792 621 tenet
817 553 988 639 quoddam
1013 553 1162 618 clausum
1188 573 1247 637 per

131 670 271 738 cartam,
295 673 397 746 atque
419 661 529 726 reddit
551 663 629 727 inde
652 682 711 745 per
734 680 859 724 annum
883 658 987 741 xxvj.
1010 657 1172 723 denarios

203 767 319 831 Petrus
335 767 366 831 le
383 769 532 852 Engleys
553 777 647 833 tenet
662 768 809 850 quinque
825 786 918 830 acras
934 775 1019 830 terre
1035 783 1095 848 per
1109 771 1244 838 cartam,

132 879 170 936 et
184 871 295 938 reddit
310 874 388 938 inde
402 871 443 956 ij.
459 873 593 938 solidos.

200 975 370 1058 Johannee
388 978 485 1042 Bette
503 985 595 1042 tenet
610 975 782 1062 quoddam
805 976 954 1041 clausum
977 994 1037 1058 per
1054 981 1191 1052 cartam,
1211 982 1246 1038 et

133 1079 246 1145 reddit
261 1082 341 1146 inde
355 1101 556 1165 perannum
572 1081 625 1164 iij.
641 1081 775 1146 solidos.

203 1186 370 1251 Henricus
393 1189 436 1251 ad
468 1196 605 1270 pontem
631 1196 724 1251 tenet
753 1183 928 1250 dimidiam
956 1203 1067 1248 acram
1092 1192 1178 1248 terre
1203 1185 1246 1249 ad

132 1289 342 1356 voluntatem
360 1291 490 1367 Prioris,
505 1300 540 1355 et
556 1289 666 1354 reddit
683 1289 762 1354 inde
777 1310 836 1374 per
851 1308 976 1352 annum
993 1287 1069 1353 ‚xvi
1084 1287 1247 1354 denarios.

201 1395 338 1479 Agneta
361 1395 550 1480 Wythbred
575 1404 667 1460 tenet
689 1392 861 1478 quoddam
884 1393 1035 1457 clausum
1058 1393 1101 1457 ad
1129 1391 1245 1456 uolun-

132 1508 238 1563 tatem
263 1501 385 1564 Prioris
407 1510 442 1564 et
465 1499 574 1564 reddit
597 1499 676 1564 inde
698 1520 758 1582 per
780 1517 906 1562 annum
929 1495 997 1578 .xij.
1019 1495 1181 1562 denarios

201 1603 370 1669 Gali'ridus
387 1604 517 1669 Attehil
529 1614 622 1670 tenet
634 1625 734 1669 unam
747 1603 864 1668 rodam
877 1612 962 1667 terre
978 1601 1020 1666 ad
1037 1601 1244 1666 voluntatem

135 1706 264 1784 Prioris,
279 1717 314 1771 et
329 1708 438 1772 reddit
453 1707 531 1771 inde
547 1727 606 1790 per
621 1726 747 1770 annum
764 1705 814 1788 .vj.
830 1704 992 1768 denarios.

200 1809 369 1875 Galfridus
390 1811 486 1875 West
508 1819 600 1874 tenet
621 1801 792 1894 quoddam
812 1810 961 1873 clausum
978 1807 1021 1872 ad
1037 1806 1244 1872 voluntatem

135 1913 264 1990 PrioriS,
281 1923 315 1978 et
331 1913 439 1978 reddit
455 1914 533 1978 inde
549 1935 608 1996 per
627 1933 752 1978 annum
769 1912 811 1994 ij.
825 1910 951 1976 solidos
966 1921 1001 1975 et
1016 1910 1067 1993 .vj.
1083 1911 1245 1976 denarios

200 2017 352 2082 Vicarius
381 2028 474 2083 tenet
499 2017 672 2101 quoddam
703 2017 863 2094 clausum,
888 2025 922 2082 et
946 2015 1056 2082 reddit
1079 2015 1158 2080 inde
1187 2036 1247 2100 per

134 2141 259 2186 annum
283 2121 411 2205 xxviij.
434 2123 598 2188 denarios.

198 2226 369 2308 Johannes
393 2225 543 2291 Norman
566 2237 660 2292 tenet
682 2227 735 2310 iij.
757 2248 850 2291 acras
873 2236 961 2291 terre
980 2246 1040 2309 per
1060 2235 1196 2303 cartam,
1211 2235 1246 2290 et

134 2329 244 2394 reddit
267 2330 345 2395 inde
368 2350 574 2413 perannum
599 2331 667 2415 .xij.
689 2331 853 2396 denarios

200 2433 388 2498 Willelmus
418 2435 461 2498 de
500 2433 665 2500 Stantone
696 2444 788 2500 tenet
818 2432 990 2518 quoddam
1020 2433 1171 2498 clausum
1200 2435 1244 2499 ad

133 2540 341 2605 voluntatem
364 2541 492 2616 Primis,
515 2550 549 2606 et
571 2539 680 2605 reddit
700 2540 779 2605 inde
799 2559 999 2624 perannum
1016 2538 1245 2622 .vj.denarios.

199 2645 388 2710 Willelmus
399 2645 484 2728 Joye
496 2645 540 2710 de
553 2645 776 2729 Kyngestone
787 2655 880 2710 tenet
891 2654 1036 2728 quatuor
1050 2665 1143 2708 acras
1159 2653 1245 2708 terre

591 2855 734 2922 Summa
756 2878 873 2920 ‚xxxa
896 2855 995 2920 solidi
1019 2853 1083 2937 iiij.
1106 2853 1244 2937 denarij.

202 3017 260 3082 Isti
284 3028 361 3082 sunt
384 3017 587 3101 Custumarij
613 3019 734 3083 Prioris
757 3019 800 3083 de
823 3016 1023 3083 Bemewelle
1046 3017 1080 3080 in
1101 3016 1180 3082 villa
1202 3016 1245 3081 de

137 3140 270 3204 Brunne
282 3164 289 3204 :

198 3277 335 3361 Agneta
350 3279 514 3362 Wytbred
532 3289 624 3344 tenet
635 3299 736 3344 vnam
752 3279 917 3362 virgatam
933 3288 1027 3354 terre,
1042 3286 1077 3342 et
1091 3277 1243 3361 operabit

135 3401 193 3468 per
214 3403 359 3446 annum:
382 3383 508 3447 scilicet
530 3382 651 3448 asesto
673 3383 780 3448 sancti
798 3381 973 3448 Michaelis
996 3402 1101 3465 usque
1121 3381 1243 3447 Natale

135 3487 167 3550 in
183 3488 332 3572 qualibet
352 3489 542 3572 septimana
561 3487 660 3554 faciet
680 3499 747 3554 tres
767 3509 895 3573 operas,
916 3489 1042 3553 scilicet
1062 3489 1116 3554 die
1138 3489 1243 3566 Lune,

135 3592 188 3657 die
211 3591 377 3675 Mercurij,
399 3593 454 3658 die
476 3593 591 3675 Jouis;
622 3603 656 3658 et
685 3594 793 3658 arabit
822 3593 878 3658 die
900 3593 1041 3659 Veneris
1067 3593 1241 3660 dimidiam

135 3716 243 3762 acram
274 3707 360 3762 terre
390 3719 449 3781 per
479 3719 678 3775 mensuram,
708 3700 770 3763 nisi
802 3699 923 3765 festum
954 3701 1150 3785 impedierit
1196 3701 1242 3766 Et
1253 3711 1271 3763 f.
1288 3711 1357 3765 roob

135 3801 436 3866 aCircumcisione
467 3801 605 3867 Domini
629 3822 734 3886 vsque
763 3803 806 3866 ad
838 3801 1110 3868 Purificacionem
1139 3805 1242 3870 Beate

137 3905 240 3968 Marie
254 3905 404 3987 qualibet
419 3906 606 3988 septimana
621 3906 686 3988 iiij.
702 3926 839 3989 operas:
854 3907 981 3972 scilicet
995 3907 1050 3972 die
1067 3909 1171 3984 Lune,
1186 3908 1242 3974 die

137 4009 300 4091 Mercurij,
316 4011 370 4074 die
385 4012 488 4094 Jouis,
504 4012 558 4076 die
574 4013 724 4088 Veneria,
740 4012 803 4074 nisi
816 4011 936 4077 festum
953 4013 1149 4096 impedierit
1195 4013 1241 4077 Et

135 4137 154 4179 a
178 4115 412 4180 Purificacione
436 4117 532 4181 beate
557 4116 663 4180 Marie
687 4118 857 4200 usquead
883 4117 1017 4196 Pascha,
1040 4119 1125 4182 sicut
1155 4118 1241 4182 inter

136 4219 254 4284 festum
278 4222 383 4284 sancti
410 4220 583 4285 Michaelis
605 4231 639 4286 et
664 4219 794 4298 Natale,
811 4222 874 4285 nisi
898 4221 1019 4287 festum
1035 4223 1238 4306 ,impedierit

137 4325 210 4388 Eta
224 4325 349 4388 Pascha
362 4345 467 4407 usque
482 4325 524 4390 ad
543 4325 722 4408 Hokeday,
737 4335 881 4409 quatuor
894 4347 1022 4411 operas,
1039 4327 1101 4391 nisi
1118 4327 1238 4392 festum

136 4427 329 4510 impedierit,
344 4427 403 4494 sed
420 4448 486 4492 non
499 4428 614 4494 arabit.
654 4429 699 4492 Et
714 4449 735 4492 a
752 4428 922 4514 Hokeday
938 4431 1101 4514 usquead
1118 4430 1239 4495 festum
