3222 5086
150 367 213 466 111]
364 371 548 469 deposz'ted
567 373 611 471 by
640 371 811 472 Gecrffrey
835 375 878 447 de
904 375 1044 448 Baucis
1186 399 1256 466 149

148 565 183 620 et
208 557 422 622 Conuentum
449 560 541 624 citari
570 581 631 644 pro
653 563 771 626 eadem
796 563 937 644 pecunia
961 583 1072 626 coram
1097 563 1256 645 magistro
1269 570 1419 663 2¹33?ng

150 660 354 744 Reymundo
377 666 419 727 de
443 664 598 748 Nogerijs
620 668 747 732 domini
770 668 859 751 Pape
880 666 1054 750 capellano
1075 687 1113 730 ac
1134 667 1256 730 nuncio
1268 678 1299 764 ἑξ
1301 683 1406 764 ,2¹:53

147 767 238 847 apud
256 765 289 828 N
292 788 392 831 ouum
406 769 596 852 Templum,
610 771 762 834 London.
803 771 921 854 Ibique
936 772 1004 835 lata
1019 781 1069 834 est
1086 773 1256 836 sentencia
1270 772 1378 865 mio·

147 867 326 934 diffinitiua
342 893 401 955 per
415 873 485 936 eius
502 875 766 938 commissarium
783 875 817 937 in
833 875 895 938 hec
910 875 1018 939 verba.

569 1032 684 1095 .xviii.
708 1030 829 1094 Marce.

201 1155 275 1209 Acta
295 1157 371 1226 apud
392 1174 497 1212 nouum
520 1159 672 1229 Templum
695 1158 814 1212 London
835 1159 963 1228 proximo
984 1157 1030 1212 die
1049 1156 1170 1226 juridico
1191 1168 1255 1228 post
1270 1159 1422 1202 nectuomt

146 1242 251 1298 festum
275 1244 350 1300 beati
374 1246 537 1302 Eadmundi
558 1245 788 1317 Archiepiscopi1
810 1263 885 1300 anno
906 1245 1013 1300 domini
1036 1210 1405 1302 .nr0.cc⁰.1xx0.iiiv‘{ii¹f¹'

147 1332 255 1402 quinto,
278 1351 373 1390 coram
397 1336 480 1391 nobis
502 1337 630 1392 Gerardo
655 1338 690 1391 de
713 1337 838 1405 Camins,
860 1335 1029 1391 venerabilis
1050 1335 1102 1389 uiri
1127 1335 1254 1404 magistri
1267 1310 1387 1364 mm·

148 1421 309 1490 Reymundi
323 1424 358 1478 de
373 1425 514 1495 Nogerijs,
527 1425 634 1480 domini
647 1443 720 1496 pape
733 1424 880 1495 capellani,
893 1424 1048 1496 apostolice
1061 1423 1137 1478 sedis
1150 1425 1254 1494 nuncij,

146 1508 176 1562 in
193 1510 299 1578 Arrglia
316 1511 519 1567 Commissario
536 1514 669 1583 generali,
683 1513 710 1568 in
730 1529 817 1568 causa
836 1530 885 1567 seu
904 1513 1022 1581 negocio
1040 1529 1096 1582 que
1115 1513 1159 1567 uel
1178 1513 1254 1584 quod

145 1596 265 1650 uertitur
277 1596 350 1652 inter
364 1598 509 1654 dominum
524 1601 682 1656 Galiridum
698 1603 735 1656 de
754 1603 868 1656 Mortuo
886 1599 959 1654 Mari
978 1609 1153 1654 executorem
1171 1611 1254 1655 testa·

145 1685 236 1738 menti
249 1685 356 1739 domini
372 1688 490 1742 Gallridi
508 1689 544 1742 de
562 1689 666 1742 Bancis
683 1689 780 1742 militis
796 1688 930 1754 defuncti,
944 1687 1053 1757 negocij
1071 1697 1144 1742 terre
1157 1699 1254 1743 sancte

146 1784 346 1842 promotorem,
359 1792 410 1844 per
422 1777 595 1832 Willelmum
610 1777 693 1846 Bigot
706 1777 839 1832 clericum
856 1786 1066 1847 procuratorem
1083 1793 1165 1830 suum
1177 1778 1254 1846 apud

145 1860 295 1929 registrum
312 1873 440 1918 nostrum
460 1865 583 1933 legitime
602 1865 786 1920 constitutum
804 1876 1016 1935 comparentem
1035 1881 1068 1919 ex
1087 1873 1166 1935 parte
1179 1883 1254 1929 vna;

145 1957 173 2002 et
196 1948 342 2019 religiosos
363 1951 439 2007 viros
462 1954 588 2009 Priorem
610 1965 638 2008 et
660 1956 840 2009 Conuentum
864 1955 900 2008 de
926 1953 1098 2008 Bemewelle
1124 1953 1254 2021 Elyensis

147 2037 286 2106 Dyocesis
295 2055 345 2109 per
355 2041 521 2110 magistrum
530 2042 704 2097 Willelrnum
714 2043 750 2097 de
762 2042 888 2096 Noruico
902 2041 1034 2096 clericum
1044 2053 1254 2111 procuratorem

145 2141 244 2179 eorum
265 2127 390 2197 legitime
411 2130 594 2185 constitutum
616 2141 812 2201 comparentes
831 2147 865 2184 ex
884 2132 989 2185 altera:
1015 2127 1153 2196 videlicet,
1172 2130 1253 2185 lectis

145 2215 345 2286 procuratorijs
361 2216 427 2271 hinc
444 2218 518 2283 inde,
532 2229 559 2272 et
576 2235 673 2273 eorum
691 2219 773 2288 copia
790 2218 911 2286 decreta,
929 2228 957 2270 et
974 2219 1026 2272 sub
1045 2216 1138 2287 sigillo
1156 2227 1254 2273 nostro

144 2311 270 2372 optenta,
282 2305 476 2377 ratificataque
489 2308 625 2362 caucione
641 2308 829 2378 quadraginta
847 2307 1001 2362 solidorum
1017 2306 1117 2360 ultimo
1133 2307 1180 2362 die
1197 2307 1254 2362 litis

144 2407 197 2460 per
217 2393 384 2460 magistrum
403 2395 563 2463 Johannem
587 2395 624 2449 de
647 2396 723 2462 Lacy
743 2411 794 2464 pro
816 2393 925 2449 eisdem
946 2393 1084 2463 religiosis
1106 2394 1252 2464 exposita;

144 2489 276 2550 essetque
293 2481 354 2535 dies
371 2482 453 2536 datus
470 2483 543 2553 parti
561 2499 657 2537 eorum
674 2483 814 2537 dictomm
830 2481 1024 2551 religiosorum
1041 2482 1078 2537 ad
1093 2492 1252 2536 contestan-

144 2568 213 2621 dum
227 2569 344 2638 precise,
357 2569 473 2625 articulo
486 2572 595 2626 eisdem
608 2572 684 2640 prius
697 2587 748 2642 per
760 2581 869 2642 partem
883 2571 951 2626 dicti
969 2571 1125 2627 executoris
1140 2571 1251 2640 tradito,
1264 2569 1283 2620 s·
1296 2571 1351 2634 55b

144 2655 275 2726 lectoque
292 2673 388 2712 coram
404 2658 487 2714 nobis
505 2659 567 2730 ipso
584 2658 720 2724 articulo;
745 2669 772 2713 et
789 2677 854 2714 cum
871 2660 900 2714 in
917 2660 1017 2715 eodem
1031 2668 1191 2730 peterentur
1202 2677 1253 2728 per

144 2755 255 2814 partem
272 2746 340 2801 dicti
357 2747 513 2802 executoris
530 2749 645 2802 nomine
662 2757 733 2802 terre
751 2759 848 2802 sancte
865 2747 980 2802 adieris
997 2747 1135 2815 religiosis
1151 2748 1252 2803 decern

143 2843 172 2888 et
191 2844 257 2888 octo
275 2853 378 2902 marce,
396 2837 496 2905 viginti
518 2848 546 2891 et
566 2837 677 2891 duobus
696 2835 819 2905 denarijs
838 2835 939 2902 minus,
959 2852 992 2889 ex
1014 2852 1101 2890 causa
1121 2835 1251 2906 depositi,

143 2939 179 2977 ac
199 2939 283 2992 super
298 2924 353 2978 hoc
370 2943 405 2980 ex
424 2936 502 2996 parte
521 2926 589 2980 dicti
608 2925 763 2981 executoris
780 2937 855 2980 esset
872 2925 1017 2997 quoddam
1035 2923 1251 2980 instrumentum

144 3011 344 3080 obligatorium
373 3013 465 3082 sigillo
492 3015 635 3068 communi
660 3014 799 3068 dictorum
825 3013 1018 3081 religiosorum
1044 3011 1197 3081 sigillatum
1222 3013 1251 3066 in

144 3099 280 3154 iudicium
305 3102 468 3167 exhibitum,
490 3112 519 3158 et
540 3101 666 3157 eiusdem
692 3103 776 3173 copia
796 3101 868 3172 parti
894 3101 1032 3156 dictonrm
1058 3099 1251 3169 religiosorum

143 3188 259 3244 decreta
270 3199 297 3244 et
311 3191 363 3245 sub
376 3191 468 3261 sigillo
478 3201 574 3247 nostro
584 3203 714 3263 optenta:
728 3193 895 3245 Procurator
904 3190 1044 3246 dictorum
1056 3189 1251 3257 religiosorum
1304 3237 1306 3240 .

143 3293 241 3332 coram
254 3277 336 3331 nobis
349 3279 378 3332 in
392 3276 495 3333 iudicio
507 3278 630 3346 legitime
643 3278 812 3332 constitutus
822 3275 1009 3332 confitebatur
1017 3292 1149 3346 expresse
1158 3275 1250 3330 dictos

143 3365 276 3419 dominos
289 3381 355 3420 suos
369 3378 397 3421 et
407 3383 446 3434 se,
455 3366 580 3436 ipsorum
594 3366 715 3434 nomine,
724 3366 753 3420 in
763 3365 896 3436 predictis
909 3365 1049 3420 decentet
1062 3374 1126 3419 octo
1139 3364 1250 3431 marcis,

143 3453 244 3523 viginti
263 3463 291 3508 et
310 3454 420 3509 duobus
438 3455 561 3524 denarijs
580 3456 681 3522 minus,
700 3455 828 3525 superius
849 3452 952 3524 petitis,
971 3452 1054 3507 nobis
1075 3462 1103 3508 et
1122 3451 1250 3523 predicto

143 3543 292 3610 executori,
313 3544 426 3598 nomine
444 3555 516 3598 terre
535 3555 633 3599 sancte
651 3561 685 3599 ex
701 3560 788 3598 causa
804 3543 948 3598 antedicta
964 3542 1071 3608 teneri5
1096 3551 1124 3597 et
1142 3541 1250 3596 dictum

143 3631 361 3686 instrumentum
375 3631 572 3700 obligatorium
584 3649 680 3686 coram
694 3632 776 3686 nobis
788 3631 942 3684 exhibitum
956 3647 1019 3686 esse
1032 3629 1249 3684 instrumentum

143 3719 284 3774 dictorum
297 3717 475 3774 dominorum
489 3735 621 3784 suorum;
640 3731 668 3775 et
682 3719 805 3791 sigillum
817 3720 909 3774 eidem
924 3736 1081 3790 appensum
1093 3734 1157 3774 esse
1173 3716 1249 3787 sigil-

143 3809 202 3863 lum
220 3826 369 3864 commune
387 3809 565 3862 dominorum
583 3826 697 3863 suorum
714 3808 922 3879 predictorum
944 3816 972 3861 et
990 3807 1086 3860 omnia
1097 3816 1126 3860 et
1139 3805 1249 3874 singula

143 3895 173 3950 in
186 3895 264 3952 dicto
276 3897 462 3953 instrumento
475 3907 608 3952 contenta
620 3913 686 3951 vera
699 3912 761 3950 esse
774 3914 780 3960 ;
799 3895 938 3948 undenos
954 3893 1043 3963 ipsius
1060 3893 1250 3963 procuratoris

143 3984 336 4040 consessiones
354 3987 382 4040 in
399 3987 453 4040 hac
469 3995 549 4056 parte
566 3985 663 4052 secuti,
677 3984 818 4054 predictos
835 3983 981 4050 religiosos
999 3982 1026 4034 in
1043 3996 1194 4051 personam
1207 3980 1250 4034 sui

143 4073 332 4142 procuratoris
345 4085 373 4128 et
385 4074 492 4128 dictum
505 4082 715 4143 procuratorem
728 4069 756 4125 in
769 4087 906 4140 personas
918 4069 1058 4124 dictorum
1071 4067 1249 4122 dominorum

143 4177 261 4216 suorum
274 4161 303 4214 in
318 4160 450 4230 predictis
468 4161 568 4214 decem
586 4169 614 4214 et
632 4170 696 4213 octo
714 4159 824 4226 marcis,
838 4157 937 4228 viginti
955 4166 982 4210 et
999 4156 1110 4211 duobus
1126 4154 1249 4208 denariis
1263 4171 1315 4214 τὴς
1326 4171 1350 4213 18

143 4250 247 4314 minus,
260 4247 342 4302 nobis
355 4259 403 4302 aut
416 4246 543 4318 predicto
554 4247 695 4302 executori
709 4246 823 4300 nomine
840 4254 913 4300 terre
930 4255 1027 4298 sancte
1044 4243 1091 4296 die
1107 4241 1250 4297 dominica
1263 4222 1347 4264 merx·
1357 4233 1398 4264 “⁶

572 4435 580 4468 ¹
602 4439 630 4490 16
642 4439 793 4489 November.
