3222 5086
347 386 414 457 168
504 384 651 460 Extant
673 387 720 484 os
738 386 798 460 thr
825 386 950 461 Castle
975 395 1016 461 at
1044 386 1267 487 Cambn'dge
1326 385 1447 487 [Boott

339 568 499 653 cipientes
535 573 578 635 ad
615 570 725 635 locum
761 572 818 654 qui
850 580 988 636 uocatur
1018 573 1231 637 Armeswerk
1261 572 1447 638 circuibant

339 673 501 738 fossatum
526 673 644 752 Castri‚
664 677 882 740 ascendentes
906 697 1011 760 usque
1034 677 1076 740 ad
1099 675 1208 741 locum
1230 678 1286 760 qui
1308 687 1448 742 uocatur

340 777 553 862 Aswykston,
565 789 599 843 et
615 777 857 843 descendentes
872 779 1022 844 fecerunt
1036 781 1214 845 transitum
1227 802 1286 864 per
1298 781 1445 845 medium

338 883 427 947 curie
448 882 634 948 Scolarium
655 886 698 948 de
720 884 875 949 Mertone
896 906 956 968 per
976 897 1073 950 uetus
1094 885 1258 950 fossatum
1280 887 1444 970 usquead

337 988 488 1051 riueram.
536 989 581 1054 Et
601 990 739 1053 tandem
762 990 940 1054 redeuntes
956 989 1120 1054 dederunt
1136 1011 1332 1073 responsum
1348 1010 1446 1054 suum

338 1091 429 1171 quod
457 1100 548 1155 totus
576 1091 631 1155 ille
658 1092 814 1156 circuitus
839 1092 1014 1176 spectabat
1037 1093 1080 1156 ad
1105 1094 1312 1175 procinctum
1336 1091 1446 1158 Castri

337 1213 398 1276 per
426 1205 672 1259 sacramentum
704 1197 794 1278 quod
826 1196 983 1262 fecerunt.
1030 1197 1076 1261 Et
1106 1217 1150 1261 ex
1181 1196 1244 1260 hac
1270 1196 1447 1260 occasione

337 1312 501 1366 uenerunt
531 1301 645 1366 breuia
677 1303 780 1385 Regis
810 1303 943 1386 singula
973 1325 1073 1387 super
1103 1325 1221 1368 omnes
1254 1302 1446 1367 habitantes

337 1406 424 1470 ultra
454 1415 593 1489 pontem
623 1426 668 1470 ex
699 1416 793 1489 parte
826 1406 944 1484 Castri‚
973 1405 1045 1486 Quo
1079 1407 1244 1483 Waranto,
1268 1416 1332 1482 etc,
1357 1406 1446 1470 vnde

336 1513 437 1575 timor
458 1530 576 1576 omnes
599 1511 729 1576 inuasit.

404 1616 496 1681 Prior
516 1637 596 1680 uero
614 1617 771 1699 opposuit
788 1637 824 1681 se
839 1617 953 1682 dicens
969 1616 1059 1700 quod
1076 1616 1119 1680 ad
1136 1616 1310 1682 ecclesiam
1327 1615 1445 1681 Sancti

338 1721 451 1804 Egidij
483 1721 579 1786 iuxta
610 1720 765 1786 Castrum
796 1731 892 1786 erant
921 1721 1072 1786 canonici
1103 1721 1146 1786 de
1177 1719 1379 1786 Bernewelle
1409 1720 1443 1784 in

337 1825 500 1908 principio
537 1824 676 1902 fundati,
706 1826 819 1908 ibique
854 1825 1043 1890 habuerunt
1076 1824 1225 1889 officinas
1255 1845 1332 1889 suas
1362 1825 1444 1888 satis

193 1935 245 1965 ν’·
336 1937 576 2012 competentes,
595 1937 629 1992 et
649 1930 733 1993 duas
754 1949 847 1993 acras
867 1938 954 1992 terre
975 1937 1054 1993 ante
1074 1939 1205 2012 portam
1226 1927 1364 1993 ecclesie
1385 1947 1445 1992 sue

335 2053 449 2096 uersus
470 2032 576 2115 ripam
598 2053 643 2095 ex
664 2031 755 2096 dono
777 2029 927 2095 Matildis
951 2031 1137 2109 Comitisse,
1153 2043 1186 2096 et
1206 2031 1297 2114 quod
1319 2030 1442 2095 ibidem

334 2145 498 2200 steterunt
520 2135 672 2199 canonici
695 2155 755 2219 per
774 2135 893 2217 viginti
917 2156 1023 2198 annos
1046 2145 1228 2218 antequam
1253 2142 1364 2198 essent
1385 2154 1444 2217 per

336 2239 508 2321 Paganum
531 2238 667 2303 Peuerel
689 2239 732 2303 ad
755 2238 1005 2303 Bemewelliam
1027 2239 1188 2304 translati.
1234 2239 1280 2303 Et
1296 2238 1444 2302 ostendit

335 2353 461 2409 cartam
491 2345 597 2409 Picoti
621 2344 838 2408 Vicecomitis
865 2345 922 2425 qui
949 2343 1085 2407 eosdem
1113 2343 1292 2407 canonicos
1318 2343 1442 2406 ibidem

333 2449 499 2526 fundauit,
528 2459 562 2514 et
592 2458 719 2513 cartam
752 2447 899 2532 Remigij
932 2447 1175 2512 Lincolniensis
1206 2449 1354 2531 episcopi
1384 2449 1443 2532 qui

334 2562 413 2617 tunc
441 2563 572 2637 preerat
598 2553 733 2636 dyocesi
762 2551 899 2635 Elyensi
927 2561 962 2616 et
988 2562 1114 2616 cartam
1142 2551 1268 2635 Pagani
1297 2551 1441 2617 Peuerel.

169 2682 257 2735 ΜΗ)
335 2657 482 2742 Populus
523 2658 630 2723 eciam
672 2657 840 2741 perhibuit
882 2657 1110 2721 testimonium
1149 2658 1191 2722 de
1230 2658 1442 2741 processione

333 2765 570 2827 canonicorum
600 2762 642 2825 de
675 2760 875 2825 Bemewelle
906 2761 1046 2844 singulis
1073 2762 1169 2824 annis
1196 2761 1238 2825 ad
1266 2761 1441 2825 ecclesiam

335 2867 450 2933 Sancti
475 2866 598 2950 Egidij.

168 2981 321 3034 strepente·
399 2971 500 3036 Vnde
527 2969 700 3054 justiciarij
732 2967 940 3052 prefixerunt
969 2970 1058 3034 diem
1088 2969 1190 3033 Priori
1222 2979 1255 3033 et
1286 2970 1442 3034 omnibus

167 3033 311 3134 1⁸33de
333 3075 563 3140 habitantibus
586 3075 673 3139 ultra
696 3084 833 3158 pontem
858 3095 963 3158 prope
987 3075 1142 3139 Castrum
1162 3073 1205 3138 ad
1228 3075 1439 3140 Scaccarium

167 3133 314 3235 3213&ssss
335 3181 438 3262 Regis
454 3199 565 3242 coram
584 3177 769 3242 Batonibus
784 3178 827 3241 de
844 3176 1020 3242 Scaccario
1035 3199 1056 3241 a
1067 3178 1122 3242 die
1135 3177 1250 3243 Sancti
1264 3178 1440 3243 Michaelis

332 3285 366 3348 in
388 3295 454 3348 tres
474 3284 679 3367 septimanas
700 3292 760 3346 etc.
807 3281 904 3346 Tunc
925 3284 1018 3346 uenit
1042 3281 1187 3346 Michael
1204 3282 1384 3361 Wolward,
1405 3293 1440 3348 et

332 3408 391 3472 per
424 3397 551 3451 cartam
582 3387 692 3470 sigillo
723 3386 844 3451 Prioris
874 3394 908 3450 et
939 3385 1134 3451 Conuentus
1164 3388 1206 3451 de
1238 3387 1440 3452 Bernewelle

331 3493 498 3576 signatam
514 3491 647 3555 vocauit
663 3491 809 3554 Priorem
826 3492 869 3555 de
886 3488 1086 3555 Bernewelle
1102 3492 1145 3555 ad
1161 3489 1373 3574 war[entum]
1395 3493 1440 3556 de

331 3608 404 3662 toto
425 3603 619 3660 tenemento
639 3596 730 3678 quod
752 3595 854 3658 habet
874 3615 980 3678 prope
1000 3595 1174 3658 ecclesiam
1192 3593 1307 3659 Sancti
1325 3593 1439 3678 Egidij

332 3701 555 3784 Cantebrigie.
601 3699 647 3764 Et
668 3699 761 3763 Prior
782 3700 918 3786 intrauit
936 3698 980 3763 ad
998 3698 1312 3783 war[antizandum]
1329 3700 1438 3782 ipsum

331 3805 542 3882 Michaelem‚
562 3811 596 3868 et
617 3805 722 3868 eciam
744 3803 932 3885 Jobannem
955 3803 1140 3882 Portehors,
1161 3804 1204 3868 de
1224 3805 1349 3868 horreis
1369 3805 1440 3868 suis

330 3911 454 3975 ibidem
482 3931 542 3993 pro
568 3908 713 3992 quadam
745 3908 886 3992 pecunie
911 3927 1043 3972 summa
1066 3928 1167 3991 quam
1194 3907 1289 3972 dedit
1319 3908 1438 3974 eidem.

331 4017 427 4082 Tunc
443 4015 548 4079 eciam
565 4015 699 4077 uocauit
710 4012 754 4077 ad
766 4023 948 4077 warentum
962 4011 1163 4097 here[dem]¹
1176 4013 1310 4077 Ricardi
1324 4013 1439 4097 Ampe

1604 4481 1606 4530 l

330 4125 374 4187 de
392 4141 516 4204 magno
534 4119 633 4183 solio¹
653 4129 687 4182 et
707 4128 781 4182 toto
803 4118 974 4200 mesuagio
995 4119 1087 4199 quod
1107 4127 1159 4182 est
1180 4117 1277 4181 iuxta
1297 4118 1437 4181 domum

378 4273 388 4304 l

379 4271 558 4407 ’ῙῖῖθὶζὶεςῆινῗτὸἀΙ
573 4355 594 4405 is
610 4354 737 4420 evidently
754 4369 848 4419 wrong.
886 4353 910 4403 It
928 4370 985 4419 may
1000 4353 1032 4403 be
1049 4353 1207 4418 conjectured
1226 4352 1279 4402 that
1296 4352 1339 4402 the
1357 4353 1440 4404 scribe

330 4443 449 4492 intended
467 4449 494 4490 to
510 4441 581 4491 write
597 4441 680 4498 solari.
695 4455 727 4490 an
744 4455 824 4506 upper
841 4455 921 4496 room,
936 4456 951 4489 a
968 4439 1039 4490 word
1056 4438 1138 4489 which
1155 4437 1294 4504 frequently
1309 4451 1396 4488 occurs
1412 4438 1439 4490 in

1511 4883 1515 4888 ’
1602 4839 1605 5061 l
