3192 5102
361 383 431 458 272
630 366 826 440 Hundred
846 367 893 464 os
912 365 1198 464 Hirstingslone
1348 363 1470 462 [Boon

1569 497 1571 532 l

361 553 492 638 Hurst],
521 554 699 619 Hocetone
727 554 931 639 [Houghton
962 555 1043 620 with
1075 553 1227 639 Wyton]‚
1253 553 1470 636 Wardeboys
1569 535 1571 552 ⁴

357 658 563 744 [Warboys]‚
596 661 723 744 Ripton
755 660 913 745 [Abbot’s
948 660 1100 745 Ripton],
1130 670 1165 725 et
1195 661 1303 724 Parua
1340 657 1468 724 Stiuecl

359 761 478 848 [Little
501 763 688 848 Stulreley]‚
706 765 740 829 in
762 764 866 829 libera
886 775 920 830 et
942 786 1034 830 mera
1056 765 1238 829 elemosina
1262 765 1469 847 pertinentes

356 866 400 932 ad
435 871 717 934 sustentacionem
757 871 996 936 monachorum
1030 871 1073 935 de
1108 870 1305 951 Rameseye.
1357 869 1467 932 Tenet

358 971 522 1037 Brectone
558 973 776 1056 [Broughton
807 974 887 1038 with
923 973 1026 1039 Great
1061 973 1128 1037 and
1165 973 1270 1037 Little
1308 972 1468 1055 Raveley,

358 1075 507 1154 Wistow,
532 1077 697 1160 Upwood‚
723 1079 788 1142 and
816 1078 921 1162 Bury]
945 1080 988 1143 de
1014 1078 1152 1143 domino
1177 1077 1272 1160 Rege
1296 1077 1330 1140 in
1355 1079 1466 1160 capite

356 1179 447 1262 quod
478 1190 580 1263 caput
610 1190 661 1244 est
692 1180 829 1246 baronie
854 1202 914 1246 sue
940 1202 1001 1264 pro
1026 1200 1102 1264 qua,
1128 1200 1193 1244 vna
1220 1199 1297 1243 cum
1322 1179 1397 1242 aliis
1422 1181 1465 1242 de

356 1281 495 1346 baronia
511 1305 578 1359 sua,
595 1285 765 1367 respondit
784 1285 923 1350 domino
940 1284 1026 1368 Regi
1042 1287 1085 1349 de
1100 1283 1166 1366 iiij.
1182 1283 1351 1360 militibus,
1366 1292 1402 1346 et
1417 1285 1465 1346 sic

242 1398 464 1470 t155btotam
496 1389 668 1454 baroniam
699 1390 850 1454 defendit
879 1411 993 1455 versus
1023 1391 1197 1454 dominum
1230 1389 1366 1471 Regem.
1420 1387 1466 1451 Et

356 1504 450 1558 tenet
472 1493 621 1576 Riptone
642 1494 759 1576 Regis¹
775 1495 910 1578 [King's
934 1494 1076 1579 Ripton]
1092 1496 1134 1559 de
1155 1493 1293 1557 domino
1314 1491 1409 1575 Rege
1429 1493 1462 1554 in
1570 1479 1571 1512 l

356 1599 466 1681 capite
502 1598 535 1662 in
574 1597 660 1662 leodi
698 1599 792 1662 firma
829 1600 862 1662 in
898 1601 1017 1664 eodem
1053 1597 1235 1662 hundredo
1296 1597 1388 1660 Prior
1422 1595 1465 1658 de

359 1702 572 1785 Huntyndon
601 1713 693 1766 tenet
720 1703 865 1767 Hersord
891 1703 1083 1787 [Hartlord]
1108 1703 1141 1766 in
1170 1701 1258 1766 leodi
1286 1700 1398 1764 firma²
1423 1701 1463 1762 de

356 1807 494 1873 domino
519 1807 612 1890 Rege
636 1807 668 1870 in
691 1806 811 1871 eodem
835 1806 1018 1871 hundredo.

421 1910 553 1993 Magna
585 1909 723 1974 Stiuecle
758 1910 875 1994 [Great
911 1909 1098 1993 Stukeley].
1160 1911 1328 1972 Robertus
1359 1909 1403 1970 de
1433 1908 1464 1972 la

358 2014 495 2080 Kemell
520 2023 612 2079 tenet
637 2036 705 2078 .xx.
733 2015 869 2079 libratas
896 2024 981 2079 terre
1008 2016 1051 2078 de
1079 2013 1295 2079 leofsamento
1322 2013 1464 2078 Comitis

358 2120 470 2184 Dauid
487 2139 548 2204 pro
563 2119 662 2183 feodo
678 2119 706 2201 .j.
718 2118 841 2184 militis.
887 2118 1054 2184 Radulfus
1070 2119 1216 2202 Cameys
1232 2117 1305 2182 .C.s.
1321 2127 1407 2181 terre
1422 2117 1463 2180 de

357 2223 572 2289 leofsamento
587 2223 666 2287 dicti
684 2224 826 2289 Comitis
849 2246 908 2308 pro
925 2225 989 2288 iiii.
1006 2235 1101 2308 parte
1117 2225 1144 2306 .j.
1162 2222 1287 2287 militis.
1332 2221 1462 2305 Symon

355 2330 399 2392 de
415 2327 541 2393 Sancto
554 2328 664 2392 Licio³
679 2338 771 2393 tenet
783 2351 827 2394 .x.
839 2329 976 2393 libratas
992 2339 1078 2393 terre
1093 2329 1135 2392 de
1151 2327 1368 2390 feoffamento
1383 2326 1463 2388 dicti

356 2432 498 2498 Comitis
521 2454 582 2518 pro
601 2431 741 2497 dimidia
762 2445 857 2515 parte
874 2433 900 2515 .j.
921 2432 1043 2495 militis.
1091 2429 1348 2495 Memorandum
1371 2430 1462 2513 quod

355 2547 428 2600 tota
457 2538 537 2602 villa
566 2538 609 2601 de
641 2537 788 2603 Stiuecle
818 2543 964 2602 tenetur⁴
990 2534 1033 2599 de
1063 2536 1188 2599 honore
1217 2536 1463 2618 Huntyndonie

355 2663 456 2726 quem
474 2642 550 2705 Rex
569 2641 685 2707 Scocie
704 2643 840 2706 tenebat
859 2643 1020 2726 incapite
1042 2641 1085 2705 de
1101 2642 1240 2705 domino
1256 2641 1360 2723 Rege,
1375 2641 1462 2705 vnde

356 2757 427 2813 tota
440 2748 518 2812 villa
529 2746 573 2812 de
585 2746 731 2812 Stiuecle
742 2747 863 2811 cecidit
879 2749 911 2810 in
924 2757 1054 2830 partem
1069 2746 1210 2812 Comitis
1224 2744 1459 2830 Albenn[arle]

355 2863 389 2918 et
405 2852 593 2918 Christiane
608 2853 721 2916 vxoris
738 2873 797 2916 sue
813 2863 846 2916 et
858 2852 1021 2934 johannis
1037 2853 1079 2915 de
1097 2851 1214 2933 Baylol
1230 2861 1264 2914 et
1278 2851 1461 2934 Devorguil

355 2960 469 3024 vxoris
485 2979 552 3022 sue

423 3064 575 3147 Rogerus
601 3063 802 3127 osticiarius⁶
828 3073 921 3126 tenet
948 3061 974 3144 .j.
1000 3073 1190 3126 carucatam
1215 3071 1301 3126 terre
1325 3064 1358 3125 in
1385 3061 1463 3126 villa

356 3168 472 3234 Sancti
496 3169 627 3232 Yuonis
652 3166 708 3251 [St
736 3167 823 3251 lves]
849 3189 907 3250 per
930 3167 1107 3231 seruicium
1131 3168 1283 3232 custodie
1305 3167 1406 3230 ostor’
1429 3170 1462 3230 in

355 3273 465 3355 capite
487 3273 531 3336 de
555 3270 658 3354 Rege.

421 3377 454 3440 A
467 3377 545 3442 villa
556 3375 600 3440 de
616 3374 852 3442 Sumeresham
869 3374 1101 3458 [Somersham
1114 3375 1194 3438 with
1207 3374 1321 3452 Colne,
1334 3375 1464 3440 Blunti-

356 3482 460 3557 sham,
486 3480 613 3558 Earhh,
639 3479 772 3562 Pedley,
796 3479 863 3544 and
889 3478 1034 3562 Fenton]
1059 3478 1139 3543 nihil
1164 3487 1275 3562 potest
1299 3479 1464 3562 inquirere

355 3587 434 3670 quia
457 3595 555 3649 extra
577 3585 695 3649 soleam
720 3583 836 3648 volunt
860 3584 973 3648 exire⁸⁸

404 3848 414 3880 ¹
433 3849 490 3915 mg,
504 3848 561 3900 MS.
920 3844 931 3876 ²
948 3845 1054 3904 firmam
1068 3844 1127 3896 MS.

405 3931 416 3965 ³
434 3933 458 3983 1t
469 3947 527 3998 may
538 3931 571 3981 be
581 3930 740 3996 conjectured
752 3929 807 3980 that
818 3928 856 3979 lor
869 3933 885 3957 ‘⁸
893 3927 965 3978 Licio
973 3928 989 3950 ”
1000 3943 1040 3978 we
1050 3927 1140 3978 should
1153 3927 1211 3978 read
1224 3931 1240 3956 ‘⁸
1250 3927 1360 3991 Eligio.”

404 4017 416 4048 ⁴
432 4023 507 4078 tenet,
523 4013 590 4074 MS..
606 4013 688 4063 which
699 4014 753 4063 also
765 4013 837 4062 reads
848 4019 927 4078 parte,
941 4011 1018 4072 uxori,
1030 4011 1168 4076 johannes.

405 4099 415 4132 ⁶
433 4097 579 4149 Osticlarius
595 4096 616 4145 is
631 4095 782 4160 probablya
797 4094 916 4146 falconer.
951 4093 1072 4158 Ducange
1088 4091 1201 4158 explains
1215 4093 1331 4144 Ostorius
1346 4103 1374 4144 to
1389 4109 1462 4146 mean

359 4187 389 4234 ‘a
400 4181 489 4234 hawk'
504 4179 645 4245 (accipiter).

405 4265 416 4299 ⁶
434 4267 466 4315 In
481 4264 524 4314 the
535 4263 593 4314 MS.
606 4261 656 4312 this
669 4260 811 4327 paragraph
822 4259 941 4326 precedes
957 4260 1028 4309 those
1043 4275 1076 4308 on
1089 4257 1217 4308 Fordharn
1233 4259 1283 4308 and
1296 4259 1462 4326 Badlingham

357 4365 414 4400 now
432 4346 580 4399 transferred
600 4353 627 4394 to
645 4343 709 4395 their
726 4359 818 4409 proper
833 4343 907 4408 place
922 4343 948 4392 in
966 4341 1071 4407 Staploe
1090 4341 1223 4398 Hundred,
1243 4341 1464 4408 Cambridgeehire

356 4437 409 4496 (see
424 4434 514 4489 above,
531 4447 556 4497 p.
575 4427 642 4495 261).
