3192 5102
353 405 424 476 204
558 381 634 454 The
660 379 824 454 Conveni
849 379 1020 476 appoz'nts
1044 405 1068 452 a
1095 376 1256 450 Proctor
1335 373 1462 473 [soors

348 573 376 618 et
398 562 461 632 alijs
481 561 665 618 ecclesiarum
686 577 743 616 non
765 560 968 616 cathedralium
989 560 1106 630 prelatis
1127 558 1176 630 qui
1194 566 1311 628 presunt
1329 555 1462 626 collegijs

349 652 535 719 obseruando,
555 651 595 706 ita
618 651 711 706 eciam
734 651 812 722 quod
836 650 935 723 prelati
959 658 988 704 et
1012 647 1146 719 prepositi
1171 645 1333 702 huiusmodi
1354 662 1373 699 a
1397 643 1461 698 suis

349 739 476 810 collegijs
492 747 686 809 procuratores
704 737 831 793 similiter
847 735 1012 792 ordinentur
1018 754 1026 800 ;
1044 753 1095 807 pro
1113 734 1231 804 singulis
1243 748 1310 788 uero
1326 731 1461 804 capitulis

350 827 554 882 cathedralium
573 826 756 881 ecclesiarum
776 827 895 880 Decano
913 835 942 880 et
961 824 1060 879 maiori
1078 823 1288 879 Archidiacono
1307 819 1461 876 cuiuslibet

350 913 519 969 cathedralis
532 911 658 980 ecclesie,
667 914 705 966 ab
717 911 786 982 ipsis
799 911 928 983 capitulis
941 913 978 966 ad
991 910 1067 966 idern
1077 909 1236 966 Concilium
1246 924 1311 964 cum
1320 906 1463 962 mandato

351 1000 435 1056 simili
459 1000 652 1066 destinandis;
678 1009 706 1054 et
730 1001 793 1069 alijs
814 1000 943 1070 personis
965 999 1119 1054 maioribus
1140 997 1267 1052 eiusdem
1289 994 1412 1066 capituli,
1436 995 1465 1049 si

351 1091 442 1145 dictos
457 1091 596 1145 decanum
613 1099 641 1142 et
657 1088 898 1144 Archidiaconum
917 1089 961 1144 uel
978 1104 1075 1144 eorum
1092 1087 1212 1142 alterum
1226 1084 1354 1156 impediri
1367 1083 1465 1138 conti·

350 1178 431 1248 gerit,
444 1178 473 1232 in
485 1178 611 1249 ipsorum
624 1177 718 1232 locum
731 1175 926 1246 subrogandis.

405 1268 469 1336 Quo
483 1265 558 1322 circa
570 1263 736 1321 fraternitati
749 1274 796 1320 tue
805 1281 856 1336 per
865 1264 1022 1334 apostolica
1031 1262 1136 1334 scripta
1145 1262 1314 1318 mandamus
1324 1259 1465 1332 quatinus

350 1357 542 1428 prouisionem
554 1353 716 1410 huiusmodi
730 1353 896 1409 auctoritate
908 1364 1005 1408 nostra
1018 1369 1068 1424 per
1077 1363 1155 1408 tuam
1164 1350 1341 1423 prouinciam
1350 1348 1465 1403 denun-

351 1444 418 1512 cies‚
431 1456 459 1500 et
472 1445 591 1500 mandes
604 1444 757 1500 obseruari.

407 1535 515 1588 Datum
529 1532 659 1602 Lugduni
667 1531 720 1586 ‚xii
729 1531 784 1586 kal.
793 1530 928 1602 Januarij,
938 1529 1121 1585 Pontificatus
1134 1526 1221 1584 nostri
1236 1542 1311 1582 anno
1324 1523 1464 1580 secundo.

634 1809 662 1872 8.
707 1807 900 1872 Procuracio
922 1807 968 1870 ad
990 1805 1176 1872 Concilium.

191 1967 296 2057 symon}
409 1961 595 2016 Sanctissimo
619 1961 648 2014 in
674 1960 787 2015 Christo
811 1959 884 2030 patri
909 1968 937 2014 et
961 1959 1078 2014 domino
1103 1955 1264 2030 G[regorio]
1289 1956 1334 2011 dei
1363 1953 1466 2023 gracia

191 2017 328 2114 gramen
355 2059 535 2105 sacrosancte
552 2050 681 2102 Romane
696 2065 730 2102 ac
742 2047 908 2103 uniuersalis
925 2047 1042 2102 ecclesie
1060 2062 1171 2102 summo
1186 2045 1312 2116 pontifici
1329 2039 1465 2113 S[ymon]

189 2117 341 2220 {gffifffff’
355 2139 468 2194 humilis
483 2140 561 2194 Prior
574 2139 609 2192 de
623 2138 793 2192 Bemewelle
806 2146 833 2191 et
846 2136 974 2191 eiusdem
987 2136 1040 2190 loci
1055 2145 1211 2190 conuentus
1221 2151 1286 2188 cum
1296 2129 1465 2186 omnimoda

191 2227 343 2310 {aihum
354 2227 516 2283 reuerencia
528 2237 556 2282 et
569 2225 743 2281 subiectione
755 2225 913 2279 humillima
925 2225 1029 2294 pedum
1042 2223 1138 2278 oscula
1150 2223 1305 2277 beatorum.

190 2317 275 2360 ΜΨ
285 2328 331 2358 ¹¹⁰¹
408 2315 593 2371 Altitudinem
606 2315 719 2385 superni
733 2313 840 2384 consilij
851 2329 908 2383 quo
920 2329 972 2366 uos
984 2311 1116 2366 domiuus
1126 2311 1163 2364 ad
1172 2309 1296 2364 dandam
1307 2305 1465 2362 scienciam

191 2368 330 2410 hlsmeans
431 2403 437 2415 ,
546 2403 551 2414 ,
597 2402 603 2414 ,
862 2403 868 2413 .
966 2400 972 2412 .
1280 2397 1285 2408 -

191 2418 330 2480 vgrrrnnow
355 2404 454 2460 salutis
478 2404 553 2474 plebi
578 2419 639 2458 eius
664 2412 691 2457 et
712 2418 793 2471 vrchs
815 2400 988 2472 extirpandis
1010 2401 1187 2471 preparando
1208 2399 1326 2452 dommo
1347 2395 1465 2465 plebem

191 2469 322 2562 ¹2¹3?ssss
355 2491 507 2563 perfectam
533 2491 560 2546 in
586 2490 701 2562 specula
725 2508 776 2546 sue
800 2489 946 2560 dignitatis
968 2489 1113 2545 constituit
1135 2496 1301 2543 venerantes
1322 2493 1464 2556 quantum

192 2570 242 2662 gree
252 2579 324 2670 sssss'
355 2597 505 2651 possumus
521 2580 631 2649 gracias
647 2579 767 2635 humiles
783 2579 880 2634 diuine
894 2577 1039 2634 referimus
1052 2577 1202 2632 maiestati.
1240 2575 1278 2629 Et
1290 2591 1324 2628 ex
1336 2571 1465 2643 eoquod

192 2669 298 2761 ῑθῑνῖἑξ
356 2679 447 2724 uestre
472 2668 626 2738 prudencia
647 2667 813 2736 sanctitatis,
835 2667 955 2722 subditis
977 2664 1137 2721 humaniter
1160 2663 1401 2726 condescendens,
1422 2660 1464 2714 ad

191 2731 301 2812 'figlina
310 2769 341 2810 ee
356 2756 586 2811 reformacionem
598 2765 627 2810 et
639 2755 823 2810 directionem
836 2765 925 2810 status
938 2753 1102 2808 uniuersalis
1115 2751 1234 2806 ecclesie
1243 2761 1271 2807 et
1280 2762 1353 2806 terre
1363 2757 1465 2803 sancte

192 2820 310 2913 R‘flssm
356 2843 483 2898 laborare
502 2842 634 2909 decreuit,
652 2852 766 2897 sanctos
783 2841 928 2911 primates,
943 2839 1124 2910 patriarchas,
1137 2837 1374 2908 archiepiscopos,
1387 2834 1465 2905 epis·

193 2922 344 3037 sepupym
356 2948 451 3003 cupos,
457 2943 484 2987 et
493 2941 599 2986 ceteros
608 2932 730 3001 prelatos
737 2930 902 2985 uniuersalis
910 2927 1028 2984 ecclesie
1036 2927 1073 2982 ad
1082 2926 1239 2983 Concilium
1248 2942 1299 2996 pro
1307 2923 1465 2980 eorundem

269 3007 275 3023 ⁸
357 3021 560 3076 reformacione
574 3021 672 3074 celitus
684 3019 878 3086 conuocando,
890 3035 946 3089 que
959 3027 1039 3072 tanta
1050 3015 1142 3072 eciam
1154 3013 1363 3085 preeminencia
1374 3012 1465 3084 pollet

357 3106 512 3178 potestatis,
526 3117 553 3162 et
570 3107 739 3162 excellencia
754 3106 848 3178 gracie
865 3105 996 3178 specialis
1012 3122 1067 3176 que
1083 3104 1151 3175 ligat
1169 3113 1196 3158 et
1212 3104 1304 3170 soluit,
1317 3100 1422 3158 claudit
1435 3111 1466 3155 et

357 3205 471 3264 reserat,
491 3194 622 3266 deprimit
641 3205 668 3250 et
687 3195 801 3262 solatur,
819 3193 915 3265 sicque
932 3203 1043 3263 gratam
1061 3192 1158 3248 tribuit
1177 3190 1291 3246 cuilibet
1308 3189 1465 3261 postulanti

357 3284 433 3355 quod
445 3281 522 3338 iuxta
534 3281 684 3336 accionum
697 3298 810 3336 suarum
823 3280 932 3348 merita,
945 3278 1166 3351 deuocionisque
1178 3279 1325 3346 feruorem,
1339 3285 1466 3348 reportet

357 3371 521 3438 remedium,
540 3381 569 3426 et
590 3371 619 3425 in
639 3371 696 3426 suis
718 3370 874 3426 defectibus
893 3369 1000 3425 senciat
1018 3369 1047 3422 in
1070 3367 1182 3424 fortuna
1202 3368 1343 3423 iuuamen.
1386 3365 1465 3421 Hinc

357 3469 408 3525 cst,
428 3467 508 3530 pater
529 3457 715 3526 sanctissime,
734 3458 811 3529 quod
830 3473 895 3512 cum
918 3457 990 3510 inter
1011 3457 1134 3527 prelatos
1155 3454 1322 3510 uniuersalis
1344 3455 1466 3508 ecclesie

357 3559 386 3604 et
402 3548 508 3603 clerum
525 3547 680 3602 secundum
697 3557 793 3602 nostre
810 3545 922 3616 pietatis
940 3545 1050 3612 affatus,
1064 3547 1100 3600 ad
1119 3545 1289 3615 prelibatum
1303 3543 1464 3599 Concilium

357 3646 529 3692 conuocatos
542 3636 693 3690 vehemens
710 3634 882 3691 desiderium
900 3651 951 3688 nos
968 3634 1101 3700 concutit,
1115 3633 1248 3700 stimulat,
1262 3642 1289 3686 et
1306 3633 1420 3702 perurit,
1434 3641 1464 3688 vt

357 3725 387 3779 in
400 3734 492 3780 uestre
501 3723 627 3795 piissime
636 3724 843 3780 dominacionis
853 3734 1006 3795 conspectu
1017 3723 1092 3778 iuxta
1102 3723 1188 3780 uestri
1199 3722 1326 3778 mandati
1337 3733 1464 3778 tenorem

358 3829 505 3884 possemus
518 3828 687 3882 comparere.

412 3901 470 3955 Sed
482 3900 602 3955 aduersa
614 3899 738 3971 corporis
751 3899 807 3954 mei
821 3899 924 3955 Prioris
937 3900 1070 3965 ualitudo,
1084 3909 1112 3955 et
1125 3899 1286 3970 inpotencia
1298 3900 1463 3956 facultatum

359 3988 446 4044 nostri
460 3987 631 4057 monasterii,
640 4004 696 4042 non
709 3989 873 4058 permittunt
886 4005 932 4043 me
945 3987 1071 4044 Priorem
1083 4003 1134 4058 pro
1146 4003 1192 4043 me
1205 3997 1233 4042 et
1245 3999 1386 4043 conuentu
1400 4005 1464 4043 meo

358 4076 545 4147 personaliter
556 4075 584 4130 in
601 4087 695 4130 uestre
711 4075 868 4130 maiestatis
880 4076 1028 4145 presencia
1041 4091 1211 4145 comparere,
1226 4092 1278 4130 nec
1295 4086 1464 4147 conceptum

359 4165 530 4220 desiderium
556 4162 718 4233 adimplere.
761 4162 856 4232 Quare
877 4163 1036 4217 sanctitatis
1061 4173 1154 4218 uestre
1175 4163 1295 4235 pedibus
1316 4165 1465 4234 prouoluti,

359 4251 550 4321 supplicamus
563 4249 705 4304 humiliter
718 4259 746 4304 et
758 4249 869 4314 deuote,
883 4248 1016 4318 quatinus
1029 4261 1122 4304 uestre
1135 4250 1249 4320 pietatis
1263 4251 1399 4307 serenitas
1412 4268 1464 4306 nos

359 4351 418 4408 tam
435 4336 602 4406 necessariis
619 4338 712 4392 causis
729 4337 891 4408 prepeditos
908 4347 1056 4392 excusatos
1073 4339 1140 4393 uelit
1155 4339 1268 4404 habere,
1282 4349 1466 4410 nostrumque

359 4440 576 4498 procuratorem,
596 4427 762 4497 magistrum
787 4426 941 4482 Ricardum
963 4427 1000 4481 de
1020 4427 1162 4494 Nedham,
1182 4427 1210 4480 in
1230 4427 1334 4481 nostris
1352 4443 1466 4483 excusa-
