3192 5102
366 375 435 466 258
671 371 867 446 Hundred
887 369 937 466 os
957 367 1129 468 Cheveley
1350 367 1473 472 [soox
1580 381 1582 496 i

363 555 520 621 Willelmi
551 557 594 621 de
631 557 768 640 Moyun.
815 555 861 620 Et
891 557 981 620 idem
1012 565 1105 620 tenet
1136 556 1321 639 predictam
1351 565 1476 620 terram

363 662 406 725 de
430 660 578 725 Radulio
600 661 643 726 de
666 663 767 745 Tony
790 663 823 726 in
846 663 991 744 socagio.

428 763 524 848 Burg
558 763 901 848 [Burrough-Greem.
963 764 1114 829 Thomas
1151 764 1194 828 de
1233 764 1346 847 Burgo
1384 775 1477 829 tenet

365 867 463 932 seoda
487 869 529 952 ij.
553 869 696 932 militum
726 870 759 932 in
787 869 878 950 Burg
901 868 934 932 in
959 867 1133 934 Swafham
1157 869 1201 932 de
1225 869 1351 933 honore
1376 869 1476 954 Rich·

366 972 509 1037 mondie.
557 972 688 1036 Ibidem
711 982 789 1036 sunt
805 995 843 1036 .v.
859 971 938 1035 hide
959 981 1045 1037 terre
1065 981 1099 1035 et
1120 972 1260 1036 dimidia
1281 971 1476 1055 geldabiles

366 1076 496 1141 Ibidem
512 1078 614 1142 debet
630 1076 718 1141 idem
736 1075 918 1161 T[homas]
934 1075 962 1159 .j.
980 1086 1108 1140 sectam
1125 1085 1159 1140 et
1176 1075 1289 1158 Roget
1304 1076 1348 1140 de
1370 1075 1475 1140 Essei

365 1182 392 1246 .i.
409 1191 546 1258 sectam,
561 1191 595 1246 et
610 1183 780 1266 predictus
797 1181 948 1245 Thomas
964 1201 1022 1265 per
1043 1200 1170 1245 annum
1187 1180 1262 1263 .vjs.
1281 1179 1327 1244 de
1347 1179 1476 1245 auxilio
1580 1177 1582 1198 ³

363 1285 577 1351 vicecomitis.

430 1387 648 1470 Dullingham
672 1385 930 1471 [Dullingham].
976 1386 1148 1470 Johannes
1172 1387 1265 1451 Biset
1287 1385 1411 1472 [tenet]
1425 1387 1475 1470 .vj.

364 1490 460 1555 hidas
483 1501 568 1556 terre
589 1492 633 1556 de
655 1490 811 1556 omnibus
834 1492 973 1575 quietas.
1022 1491 1152 1556 Ibidem
1176 1501 1268 1556 tenet
1294 1492 1475 1575 Estrahgia

364 1595 404 1679 .ij.
421 1595 517 1660 hidas
532 1605 618 1660 terre
639 1595 824 1678 geldabiles
836 1595 879 1660 de
901 1595 1002 1661 feodo
1026 1595 1233 1678 Hardewyni
1249 1596 1293 1660 de
1309 1595 1477 1674 Scalas-iis,
1581 1603 1582 1634 ³

363 1711 397 1766 et
413 1700 515 1765 debet
530 1721 588 1784 per
606 1720 731 1765 annum
754 1701 843 1784 .iiij.s.
867 1701 910 1764 de
934 1701 1062 1765 auxilio
1082 1701 1296 1764 vicecomitis.
1344 1699 1476 1764 Eadem
1581 1713 1582 1788 J

365 1803 545 1888 Estrangia
574 1805 677 1869 debet
707 1805 734 1869 .i.
766 1815 892 1870 sectam
924 1816 959 1870 et
982 1803 1149 1870 Radulsus
1180 1804 1348 1887 Matesrey
1374 1807 1477 1870 debet
1580 1791 1582 1868 ἰ

364 1911 392 1974 .i.
422 1918 557 1974 sectam.
604 1909 650 1974 Et
680 1910 769 1975 idem
799 1910 964 1975 Radulsus
994 1919 1088 1975 tenet
1117 1909 1146 1974 .i.
1176 1909 1291 1974 hidam
1322 1919 1412 1974 terre
1441 1913 1475 1975 in

365 2015 483 2078 eadem
504 2014 546 2079 de
568 2013 667 2078 feodo
684 2013 862 2078 Britannie.
910 2014 1064 2078 Predicta
1087 2012 1267 2098 Estrangia
1287 2035 1363 2078 cum
1388 2025 1478 2079 terra

364 2117 528 2200 Johannis
544 2116 602 2181 filii
621 2117 777 2200 Hugonis
792 2119 825 2181 in
843 2117 1029 2183 Swaflham
1046 2126 1138 2183 tenet
1150 2118 1335 2202 predictam
1352 2129 1477 2184 terram

365 2242 426 2305 pro
456 2221 556 2286 feodo
579 2220 607 2285 .i.
633 2220 747 2285 militis
777 2220 821 2284 de
847 2220 947 2285 feodo
976 2221 1184 2304 Hardcwyni
1209 2222 1253 2286 de
1280 2220 1478 2306 Scaiar[iis].

368 2323 532 2388 Radulsus
571 2323 736 2405 Matesrey
773 2325 833 2387 dat
869 2344 928 2407 per
964 2345 1090 2388 annum
1129 2323 1228 2407 .xij.d.
1265 2323 1309 2387 de
1345 2325 1478 2389 auxilio

367 2429 570 2493 vicecomitis
593 2427 636 2491 de
659 2428 784 2491 honore
808 2427 1040 2492 Richmondie.

434 2529 689 2596 Stmchewrche
711 2529 976 2615 [Stetchworth].
1024 2532 1192 2596 Henricus
1211 2529 1297 2595 filius
1314 2530 1478 2596 Willeimi

366 2647 457 2703 tenet
478 2639 506 2702 .i.
525 2638 637 2702 hidam
659 2646 745 2701 terre
766 2637 809 2700 de
829 2635 955 2700 honore
978 2636 1202 2701 Richmondie
1219 2656 1279 2720 per
1293 2637 1477 2719 socagium.

367 2742 411 2807 Et
427 2743 528 2807 debet
543 2739 615 2825 [de]
630 2739 759 2804 auxilio
774 2743 979 2806 vicecomitis
995 2741 1093 2823 .xij.d.
1110 2761 1170 2824 per
1184 2761 1318 2804 annum.

593 3022 800 3090 Hundredus
821 3024 859 3089 de
884 3023 1015 3090 chevele
1037 3022 1242 3109 [Cheveley].

430 3141 1580 3251 mmfflfflmmmmmfflm'

365 3291 424 3355 per
446 3273 641 3336 serianciam
662 3272 706 3336 de
728 3272 867 3336 domino
890 3270 992 3354 Rege,
1008 3280 1042 3336 et
1065 3271 1110 3336 ibi
1134 3281 1213 3336 sunt
1233 3293 1275 3336 .x.
1291 3272 1369 3336 hide
1390 3281 1477 3336 terre

365 3395 431 3440 non
447 3375 684 3460 geldabiles,et
700 3376 733 3439 in
749 3374 829 3441 villa
845 3375 888 3440 de
901 3375 1079 3458 Kertlinge
1091 3375 1183 3440 nulla
1194 3385 1245 3439 est
1260 3385 1351 3439 secta
1366 3393 1476 3458 neque

364 3478 527 3544 auxilium
544 3481 756 3545 vicecomitis.

428 3580 563 3646 Dittone
594 3581 718 3666 [Wood
747 3581 892 3664 Ditton].
939 3581 1104 3645 Radulsus
1134 3581 1178 3644 de
1207 3581 1353 3664 cameys
1384 3591 1475 3644 tenet

365 3683 486 3749 Dittoh
509 3685 551 3748 ad
571 3685 659 3749 feodi
676 3685 806 3750 firmam
824 3705 884 3768 per
899 3707 942 3749 .x.
958 3685 1059 3749 libras
1082 3684 1126 3748 de
1141 3683 1321 3748 heredibus
1338 3684 1474 3749 Radulfi

363 3789 421 3854 iiiii
439 3789 603 3874 Hugonis.
649 3791 695 3855 Et
708 3790 831 3856 ibidem
844 3801 923 3855 sunt
935 3812 977 3854 .x.
987 3791 1072 3854 'hide
1083 3789 1276 3872 geldabiles.
1323 3790 1369 3854 Et
1385 3790 1473 3854 idern

364 3893 528 3959 Radulsus
565 3895 666 3960 debet
704 3917 762 3979 per
799 3915 925 3960 annum
965 3894 993 3976 .j.
1031 3903 1168 3969 sectam,
1198 3901 1232 3958 et
1269 3894 1313 3957 de
1345 3894 1475 3958 auxilio

363 3997 567 4064 vicecomitis
590 3998 679 4081 hijs.
704 4019 762 4082 per
784 4019 919 4064 annum.

269 4123 285 4172 s,
303 4139 349 4187 ¹⁵0
431 4103 574 4168 Saxtone
585 4101 718 4186 [Saxon
735 4104 768 4167 in
782 4103 892 4167 Wood
908 4101 1051 4185 Ditton].
1082 4101 1233 4165 Thomas
1248 4103 1292 4165 de
1303 4100 1474 4184 Valeneys

363 4218 456 4273 tenet
479 4205 600 4270 Ditton
624 4209 667 4270 de
690 4206 788 4272 feodo
812 4207 957 4290 Cameys
979 4227 1039 4290 per
1061 4205 1237 4270 seruicium
1266 4206 1410 4271 militare
1432 4207 1474 4270 de

363 4315 488 4378 honore
516 4311 740 4376 Richmondie
764 4311 890 4376 scilicet
914 4311 1010 4375 feoda
1033 4311 1087 4394 iij.
1110 4310 1264 4386 militum,
1286 4319 1321 4373 et
1349 4311 1472 4375 ibidem

363 4428 440 4481 sunt
463 4438 500 4480 .v.
524 4415 601 4479 hide
624 4426 710 4479 terre
737 4415 927 4498 geldabiles
975 4415 1019 4479 Et
1050 4414 1174 4478 ibidem
1205 4415 1294 4477 idem
1323 4413 1473 4478 Thomas
