3222 5086
342 366 409 458 158
437 361 568 436 House
586 361 626 434 in
648 361 868 458 Cumbndge
884 361 936 432 let
952 367 988 432 to
1007 358 1141 450 Henry
1158 359 1196 430 Τ
1192 359 1306 456 uyllat
1322 358 1443 458 [Boou

507 591 557 653 80.
602 587 769 652 Placitum
792 597 902 651 contra
925 586 1107 650 Henn'cum
1135 585 1166 650 T
1164 587 1269 668 uylist.

171 741 285 832 pvffim
404 725 570 789 Henricus
591 723 728 806 Tuyllet
748 723 790 788 de
813 723 1028 806 Cantebrigia
1049 725 1158 788 tenuit
1178 723 1351 806 quoddam
1375 745 1443 788 me-

171 841 284 946 ffeppilreetd
336 829 489 914 suagium
502 829 564 913 [in]
579 828 794 910 cantebrigia
810 830 853 892 de
871 830 982 892 Priore
997 829 1040 892 de
1058 829 1260 892 Bernewelle
1273 829 1445 893 reddendo

172 945 303 1036 ἕκατι,
305 992 322 1033 d
336 932 414 995 inde
441 931 618 995 duodecim
649 931 803 994 denarios
831 951 889 1014 per
913 951 1047 993 annum.
1095 931 1253 993 Processu
1284 932 1444 1014 temporis

171 1044 296 1137 ffitggn
336 1038 453 1100 videns
469 1037 659 1101 Willelmus
675 1037 813 1119 Tuyllet
827 1039 917 1118 quod
934 1035 1043 1099 dictus
1062 1035 1256 1118 H[enricus]
1273 1034 1359 1098 filius
1375 1037 1445 1099 eius

168 1145 307 1237 ‘ffifflm
336 1141 369 1204 in
405 1151 538 1205 tantum
572 1141 820 1224 depauperatus
854 1150 925 1204 erat
952 1141 1043 1222 quod
1075 1159 1141 1202 non
1177 1139 1363 1203 sufficiebat
1400 1141 1443 1203 ad

172 1245 264 1338 {5}ssss
336 1246 512 1310 domorum
541 1267 676 1310 suarum
705 1247 964 1330 reparacionem,
991 1245 1180 1326 sumptibus
1210 1245 1278 1307 suis
1303 1245 1444 1327 propriis

172 1347 308 1439 ggfffiffl
336 1349 414 1413 iecit
436 1349 556 1414 domos
573 1350 631 1414 filii
648 1351 699 1414 sui
716 1352 869 1434 reparari,
886 1351 959 1432 ipso
974 1349 1209 1412 nichilominus
1230 1347 1297 1411 filio
1313 1369 1446 1430 semper

171 1447 211 1490 ¹¹¹⁸
220 1453 283 1490 ¹⁸⁰¹·
336 1455 554 1532 inhabitante,
569 1466 603 1519 et
619 1465 745 1519 statum
761 1475 858 1518 suum
882 1474 947 1517 non
973 1461 1131 1516 mutante.
1178 1453 1443 1535 Verumptamen

336 1561 422 1624 inter
437 1570 547 1624 cetera
557 1560 704 1624 hostium
721 1559 842 1623 domus
855 1580 914 1642 per
929 1557 1019 1642 quod
1033 1558 1147 1622 balliui
1162 1558 1281 1621 Prioris
1291 1558 1446 1622 solebant

336 1665 459 1729 intrare
474 1667 517 1729 ad
535 1665 803 1748 distringendum
827 1685 887 1747 pro
907 1664 1041 1727 redditu
1058 1663 1176 1726 Prioris
1192 1664 1395 1746 obstupauit,
1411 1673 1445 1726 et

336 1790 467 1834 murum
489 1770 614 1834 ibidem
639 1771 725 1849 fecit,
742 1779 776 1834 et
796 1771 893 1834 iuxta
914 1769 1052 1832 domum
1075 1768 1165 1831 illam
1187 1789 1287 1850 super
1308 1766 1444 1832 feodum

336 1874 483 1937 alienum
509 1883 624 1957 portas
655 1895 733 1938 suas
760 1874 846 1951 iecit,
871 1895 931 1956 per
959 1894 1044 1956 quas
1070 1872 1187 1936 habuit
1210 1874 1394 1956 ingressum
1411 1882 1445 1937 et

337 1999 517 2060 egressum.
563 1979 693 2042 Videns
713 1999 793 2062 ergo
816 1979 909 2042 Prior
931 1977 1022 2060 quod
1047 1997 1113 2042 non
1137 1978 1248 2062 potuit
1271 1978 1445 2061 peruenire

336 2084 379 2146 ad
411 2081 678 2165 distringendum
710 2081 845 2146 feodum
870 2103 967 2146 suum
999 2102 1059 2165 pro
1087 2083 1217 2146 redditu
1248 2084 1306 2165 qui
1334 2081 1396 2145 sibi
1425 2103 1445 2145 a

337 2195 425 2250 retro
441 2194 511 2250 erat
528 2187 591 2249 nisi
607 2187 785 2249 transitum
802 2184 926 2249 iaceret
947 2207 1006 2270 per
1028 2186 1164 2250 feodum
1181 2186 1337 2262 alienum,
1352 2186 1444 2269 quod

337 2311 404 2355 non
421 2292 522 2366 licuit,
538 2292 732 2374 impetrauit
753 2291 854 2355 breue
874 2311 963 2354 noue
982 2291 1157 2355 disseisine
1177 2312 1277 2374 super
1296 2292 1441 2356 eundem

338 2395 532 2471 Henricum,
548 2404 611 2458 etc.

742 2550 792 2612 81.
836 2547 1038 2612 irrotulacio.

172 2693 225 2756 (rue
236 2692 306 2734 Prior
388 2685 496 2753 Assysa
508 2683 585 2738 uenit
597 2683 776 2752 recognitura
789 2684 813 2738 si
828 2683 969 2738 Henricus
982 2683 1094 2752 Tuyllet
1108 2684 1212 2739 iniuste
1224 2694 1277 2739 etc.
1290 2685 1445 2742 disseisiuit

171 2756 300 2838 afflig
337 2772 461 2827 Priorem
478 2771 514 2826 de
532 2771 702 2826 Bernewelle
721 2771 757 2825 de
776 2770 864 2826 libero
882 2781 1043 2825 tenemento
1062 2789 1114 2826 suo
1129 2770 1158 2825 in
1178 2773 1361 2844 cantebrigia
1379 2783 1444 2844 post

171 2845 296 2938 ⁸⁰52?
334 2862 456 2931 primam
469 2859 732 2914 transfretationem
745 2868 797 2914 etc.
825 2859 862 2913 Et
872 2859 947 2912 vnde
961 2857 1085 2930 queritur
1095 2860 1171 2931 quod
1184 2859 1342 2914 disseisitus
1352 2871 1395 2916 est
1408 2860 1445 2916 de

172 2957 273 3038 ‚r‘nlrffi
336 2947 487 3003 duodecim
505 2945 631 3015 denarijs
650 2944 881 3016 prouenientibus
900 2945 936 2998 de
955 2945 1078 3016 quodam
1097 2945 1244 3015 mesuagio
1259 2947 1335 3018 quod
1350 2948 1445 3018 posuit

173 3008 261 3088 odiri
337 3035 366 3088 in
392 3037 454 3088 visu
481 3049 540 3098 suo,
563 3032 602 3086 ita
627 3031 734 3087 scilicet
759 3033 836 3102 quod
860 3033 909 3086 ubi
934 3031 1102 3102 distringere
1125 3033 1217 3102 potuit
1241 3050 1293 3103 pro
1316 3034 1445 3105 predicto

174 3095 296 3142 wnuam.
337 3123 456 3190 redditu,
466 3139 531 3177 cum
541 3140 559 3177 a
569 3131 644 3176 retro
653 3121 742 3188 suerit,
753 3120 896 3190 predictus
908 3117 1072 3190 H[enricus]
1081 3121 1239 3190 predictum
1250 3131 1444 3177 tenementum

336 3211 461 3283 quodam
476 3227 557 3264 muro
575 3207 696 3275 inclusit,
710 3209 860 3280 quominus
877 3219 1069 3263 tenementum
1087 3208 1243 3279 predictum
1263 3227 1315 3280 pro
1333 3209 1445 3265 redditu

336 3298 464 3370 predicto
476 3297 645 3368 distringere
657 3305 750 3368 potest
763 3307 815 3350 etc.

391 3389 428 3443 Et
452 3387 593 3441 Henricus
613 3385 692 3440 uenit
710 3396 737 3440 et
758 3384 826 3440 dicit
848 3384 924 3455 quod
946 3386 1007 3456 ipse
1027 3385 1132 3440 nullam
1157 3385 1288 3440 iniuriam
1310 3385 1375 3441 iecit
1396 3397 1446 3442 aut

336 3475 525 3531 disseisinam.
586 3473 663 3528 Dicit
694 3473 770 3528 enim
801 3472 877 3543 quod
909 3473 1025 3543 quidam
1056 3471 1215 3526 Willelmus
1245 3484 1326 3544 pater
1355 3473 1446 3544 ipsius

339 3564 456 3621 Henrici
476 3564 555 3619 cuius
574 3563 656 3618 heres
676 3563 736 3634 ipse
755 3571 798 3617 est
816 3561 974 3633 predictum
993 3572 1186 3617 tenementum
1205 3563 1281 3633 quod
1301 3565 1396 3634 posuit
1416 3564 1445 3618 in

337 3654 400 3708 visu
419 3669 471 3707 suo
491 3652 613 3717 inclusit,
633 3661 661 3704 et
680 3659 741 3705 toto
760 3660 887 3719 tempore
905 3666 956 3704 suo
978 3650 1117 3704 inclusum
1139 3651 1236 3706 tenuit.
1275 3653 1343 3706 Post
1365 3653 1446 3708 cuius

337 3749 457 3794 mortem
471 3737 532 3808 ipse
545 3734 716 3792 successitei
727 3735 755 3790 in
769 3735 870 3790 eodem
882 3746 912 3790 ut
923 3735 996 3790 filius
1006 3737 1066 3790 eius
1076 3746 1105 3791 et
1113 3737 1203 3804 heres,
1213 3748 1241 3792 et
1252 3747 1446 3794 tenementum

338 3828 406 3883 illud
420 3827 561 3881 inclusum
575 3825 691 3891 inuenit,
704 3834 732 3880 et
746 3835 851 3880 statum
864 3825 942 3880 illurn
955 3824 1100 3895 hucusque
1111 3825 1305 3891 continuauit;
1324 3837 1353 3880 et
1369 3827 1446 3898 quod

337 3917 423 3972 aliam
436 3915 567 3970 iniuriam
580 3930 636 3968 non
650 3912 717 3968 iecit
729 3913 808 3984 ponit
821 3929 852 3968 se
865 3930 949 3983 super
960 3929 1096 3981 assysam.

389 4007 534 4074 Juratores
544 4002 641 4058 dicunt
652 4019 736 4072 super
745 4013 955 4058 sacramentum
966 4017 1047 4056 suum
1058 4001 1134 4073 quod
1147 4001 1291 4071 predictus
1303 4002 1446 4060 Henricus

338 4111 395 4149 non
422 4093 535 4148 inclusit
559 4091 718 4162 predictum
740 4099 933 4146 tenementum
956 4090 1084 4159 predicto
1108 4107 1197 4144 muro.
1237 4090 1345 4145 Dicunt
1369 4093 1445 4146 enim

338 4183 415 4253 quod
440 4181 581 4249 predictus
606 4179 765 4232 Willelmus
790 4188 871 4249 pater
899 4177 986 4248 ipsius
1014 4177 1132 4232 Henrici
1158 4187 1350 4234 tenementum
1376 4180 1445 4235 illud

339 4269 461 4325 inclusit.

393 4359 431 4413 Et
450 4358 514 4412 ideo
532 4355 743 4411 consideratum
762 4364 805 4409 est
823 4355 900 4425 quod
916 4353 1061 4425 predictus
1081 4355 1161 4409 Prior
1178 4353 1265 4409 nichil
1284 4356 1379 4427 capiat
1395 4373 1446 4428 per

338 4463 467 4516 assysam
480 4446 571 4513 istam,
585 4443 636 4499 sed
651 4445 685 4498 sit
699 4443 728 4498 in
741 4443 934 4500 misericordia
946 4460 998 4514 pro
1010 4445 1082 4499 ialso
1094 4443 1218 4498 clamore
1230 4452 1283 4498 ete
