3222 5086
146 359 212 462 111]
447 363 540 438 case
565 363 614 462 of
629 363 757 462 Ralplr
784 364 817 437 le
842 363 955 438 Lord
1185 368 1252 458 163

289 619 339 699 89.
384 617 552 683 Placitum
566 617 720 700 pulcrum
742 627 853 682 contra
875 616 1063 698 Radulsum
1086 617 1115 680 le

542 723 637 787 Lord
654 722 693 786 de
714 721 859 786 Bertone.

214 876 360 960 Qvidam
386 879 527 944 villanus
548 881 590 944 de
608 881 750 944 Bertone
774 881 910 943 nomine
933 879 1083 942 Thomas
1108 876 1418 972 odiernegsggfflgffl

146 982 256 1046 tenuit
270 1002 373 1047 vnum
395 985 604 1067 mesuagium
624 995 659 1049 et
679 1005 742 1049 sex
757 1005 851 1049 acras
866 993 952 1049 terre
968 983 1000 1047 in
1018 981 1197 1066 villanagio
1212 980 1255 1046 de
1268 975 1420 1073 ffifflff„

146 1085 279 1151 duobus
305 1087 472 1153 dominis:
502 1089 628 1154 scilicet
653 1091 696 1154 de
724 1089 836 1154 Priore
858 1090 901 1153 de
924 1087 1133 1164 Bernewelle‚
1156 1097 1190 1150 et
1213 1087 1255 1150 de
1268 1077 1411 1180 ξξξξξξῆίρ

148 1189 296 1254 Radulso
331 1192 361 1256 le
398 1194 498 1269 Lord‚
532 1193 685 1259 iaciendo
720 1194 934 1258 medietatem
971 1191 1185 1255 seruiciorum
1222 1197 1255 1252 et
1268 1177 1420 1272 fflhgsm'

147 1296 384 1380 operacionum
405 1299 460 1362 vni
481 1300 628 1376 domino,
651 1308 685 1362 et
705 1299 806 1363 aliam
828 1297 1042 1361 medietatem
1065 1295 1129 1377 alij.
1177 1279 1317 1372 Pro-1¹2¹
1336 1279 1411 1379 πὶ,

147 1420 242 1464 cessu
270 1422 349 1465 uero
375 1405 535 1487 temporis
563 1403 642 1483 fecit
667 1403 756 1468 idem
783 1403 925 1467 villanus
952 1422 1069 1484 pacem
1094 1407 1128 1463 et
1154 1397 1254 1462 finem
1268 1379 1419 1521 ¹5⁶3?AEoe

1286 1443 1318 1472 av

146 1519 225 1564 curn
252 1501 402 1583 predicto
429 1503 575 1568 Radullo
602 1513 638 1568 ut
665 1525 741 1568 eum
770 1504 1020 1567 manumitteret
1051 1511 1084 1564 et
1114 1499 1254 1564 liberum
1269 1480 1408 1622 &stiffi

149 1603 290 1683 iaceret;
317 1627 357 1670 ac
377 1607 499 1672 deinde
520 1608 669 1673 ieofsauit
688 1609 833 1673 eundern
855 1607 1023 1672 Thomam
1047 1627 1106 1690 per
1127 1614 1254 1668 cartam
1268 1581 1365 1674 {hiliis

1270 1681 1339 1724 Prior

148 1729 244 1773 suam
270 1710 314 1774 de
341 1712 522 1778 medietate
546 1713 632 1778 illius
659 1713 819 1798 mesuagij
846 1723 879 1778 et
902 1733 964 1776 sex
987 1730 1137 1775 acrarum
1160 1721 1255 1785 terre,
1269 1730 1402 1824 ffifim
1485 1773 1489 1778 .

148 1813 303 1879 iaciendo
323 1817 353 1880 ei
374 1816 568 1901 homagium
590 1827 624 1882 et
644 1819 819 1884 seruicium
836 1819 952 1883 .xviii.
968 1816 1180 1880 denariorum
1197 1834 1255 1896 per
1268 1845 1347 1876 nme,

148 1938 284 1997 annum,
304 1931 338 1985 et
361 1923 403 1986 ad
427 1925 614 2006 scutagium
639 1923 711 1988 .xl.
734 1924 917 1987 solidorum
941 1921 1010 2004 ,iij.
1034 1921 1255 1996 denariorum,
1268 1885 1285 1935 ᾗ
1298 1885 1354 1937 ⁶⁰¹³

148 2033 183 2086 et
206 2023 249 2086 ad
272 2024 347 2106 plus
370 2037 430 2090 etc.
478 2027 569 2090 Prior
592 2048 671 2090 uero
694 2027 801 2090 noluit
823 2047 900 2091 eum
929 2025 1171 2100 manumittere,
1196 2024 1255 2087 sed

148 2129 259 2210 coegit
280 2129 389 2212 ipsum
410 2133 524 2195 omnia
538 2152 640 2215 opera
655 2131 787 2195 seruilia
801 2151 868 2213 que
883 2129 991 2194 facere
1007 2129 1123 2192 debuit
1140 2128 1256 2203 facere,

149 2240 184 2295 et
213 2233 243 2296 ei
274 2233 412 2298 tradidit
441 2235 586 2300 officium
614 2237 829 2321 prepositure.
877 2235 917 2298 In
945 2243 1052 2298 morte
1079 2253 1158 2297 uero
1185 2233 1255 2296 eius

148 2336 267 2401 habuit
289 2338 381 2403 Prior
400 2341 874 2406 secundumconsuetudinem
892 2339 968 2404 ville
983 2340 1125 2403 bestiam
1142 2338 1256 2401 melio-

150 2461 230 2519 rem,
245 2441 370 2507 scilicet
387 2465 489 2510 unum
505 2467 628 2529 equum
646 2447 746 2529 precii
764 2447 858 2528 .xvj.
874 2444 1066 2522 solidorum,
1082 2452 1116 2507 et
1132 2443 1258 2507 seisiuit

150 2544 184 2606 in
211 2565 312 2609 manu
340 2565 400 2610 sua
427 2556 535 2612 totum
563 2558 791 2614 tenementum
820 2549 910 2632 quod
938 2568 1071 2630 semper
1096 2546 1258 2610 hactenus

150 2647 338 2714 habebatur
359 2671 421 2734 pro
444 2651 596 2716 indiuiso.

215 2751 318 2818 Venit
339 2775 419 2838 ergo
434 2754 604 2821 Walterus
626 2756 712 2820 filius
733 2767 767 2822 et
784 2757 880 2820 heres
898 2754 1032 2820 Radulfi
1049 2756 1080 2820 le
1097 2753 1187 2820 Lord
1203 2753 1258 2818 die
1270 2754 1391 2848 2¹23th

150 2857 320 2939 sepulture
347 2860 429 2924 dicti
451 2860 574 2940 villani,
597 2869 631 2925 et
657 2869 771 2926 tenere
797 2881 834 2925 se
861 2861 967 2924 uoluit
994 2861 1026 2924 in
1052 2859 1155 2923 domo
1178 2859 1258 2936 eius,
1272 2855 1319 2947 ξεῖ
1338 2855 1387 2946 {l}

150 2981 300 3026 asserens
324 2964 366 3027 ad
391 2983 426 3028 se
449 2966 613 3048 pertinere
635 2966 782 3029 wardam
803 2975 888 3028 terre
909 2975 943 3028 et
963 2963 1019 3045 filij
1043 2964 1123 3027 dicti
1144 2961 1257 3026 villani
1271 2961 1421 3057 ζῇᾞξῆζῖξ

152 3085 258 3149 usque
282 3065 325 3131 ad
349 3067 533 3152 legitimam
557 3079 691 3134 etatem.
738 3069 806 3134 Sed
832 3070 923 3132 Prior
945 3069 1009 3132 hoc
1032 3069 1148 3132 audito
1170 3088 1258 3131 asse·
1270 3057 1400 3158 231&sssp

151 3171 246 3235 rebat
272 3173 381 3256 ipsum
410 3194 581 3259 nunquam
604 3174 795 3241 habiturum
818 3175 992 3239 custodem
1016 3173 1184 3256 villanagij
1208 3172 1258 3237 sul
1272 3157 1407 3249 {halitus

150 3285 186 3340 et
209 3278 324 3342 statim
348 3277 445 3342 eiecit
468 3300 544 3344 eum
568 3290 629 3346 etc.
1272 3257 1422 3360 {lllllbm

1273 3358 1318 3400 but
1328 3357 1359 3400 he
1367 3369 1423 3401 wne

1273 3408 1411 3501 ‘tilii

335 3511 386 3574 90.
431 3493 483 3557 De
514 3491 655 3559 Waltero
676 3495 705 3558 le
727 3493 826 3560 Lord.
854 3493 1077 3562 .Inrotulacio.

219 3647 257 3709 ln
274 3647 391 3712 itinere
407 3649 508 3730 igitur
519 3648 777 3731 justiciariorum
790 3648 983 3730 impetrauit
995 3647 1083 3711 idem
1093 3644 1261 3711 Walterus

154 3749 184 3812 le
209 3749 299 3814 Lord
324 3751 423 3817 breue
447 3753 551 3838 Regis
574 3762 690 3818 contra
714 3753 861 3817 Priorem
882 3762 943 3817 etc.
989 3750 1082 3816 Talis
1104 3761 1154 3815 est
1175 3751 1261 3815 inro-

153 3854 293 3919 tulacio¹
306 3880 313 3920 :

209 3999 316 4070 Symon
339 4003 419 4058 Prior
439 4003 476 4058 de
498 4005 669 4060 Bernewelle
691 4004 879 4060 summonitus
901 4002 953 4058 luit
974 4002 1010 4057 ad
1032 3999 1262 4073 respondendum
1274 4003 1425 4096 ptffitm

154 4087 283 4144 Waltero
299 4089 356 4145 filio
375 4091 488 4147 Radulfi
505 4093 541 4149 de
560 4093 684 4148 Bertone
696 4092 732 4147 de
744 4091 849 4163 placito
862 4091 939 4162 quod
952 4091 1051 4144 reddat
1064 4089 1090 4142 ei
1103 4088 1261 4143 custodiam
1276 4066 1389 4146 vitoriae

154 4177 315 4234 medietatis
333 4181 416 4236 vnius
437 4183 575 4254 mesuagij
595 4193 622 4236 et
644 4199 692 4237 sex
711 4198 839 4236 acrarum
859 4193 931 4237 terre
950 4197 1014 4235 cum
1033 4177 1214 4250 pertinencijs
1232 4176 1262 4231 in
1274 4155 1409 4258 ffipf'm‘

154 4265 279 4321 Bertone
301 4268 377 4322 iuxta
398 4271 568 4326 Grantesete
588 4287 643 4341 que
661 4269 698 4324 ad
717 4269 810 4342 ipsum
827 4269 969 4341 pertinent
988 4285 1021 4323 eo
1040 4267 1117 4340 quod
1135 4267 1263 4321 Thomas

463 4405 473 4438 ¹
491 4407 581 4458 Assize
594 4407 663 4466 Roll,
675 4407 728 4459 No.
740 4405 782 4466 86,
794 4409 901 4459 membr.
917 4423 954 4474 ¹3·

1086 4531 1182 4573 11-2
