3188 5078
367 380 439 452 322
719 353 757 429 T
751 363 882 430 ernis
907 355 947 430 air
973 353 1176 428 Bamwell
1353 351 1467 455 [udor

430 541 602 625 Joaanres
628 541 672 605 de
696 539 883 606 Infirmaria
905 549 999 606 tenet
1021 561 1125 606 vnum
1148 542 1358 624 mesuagium
1384 540 1468 624 quod

367 643 429 708 luit
461 643 601 710 Mabilie
628 643 737 728 Huya,
763 655 797 709 et
823 643 934 708 reddit
964 665 1022 727 per
1048 664 1175 709 annum
1206 645 1247 725 ‚ij.
1273 645 1409 718 solidae,
1434 642 1470 725 ,ii

366 767 521 831 capones,
544 747 585 829 .ij.
609 747 781 831 precarias.

434 851 579 916 Michael
602 852 646 916 ad
673 861 806 935 portam
828 861 921 918 tenet
943 873 1047 918 vnum
1070 855 1280 936 mesuagium
1303 853 1395 937 quod
1416 851 1471 916 suit

369 955 545 1021 Michaelis
560 955 711 1032 Bumbel,
726 965 760 1020 et
776 955 886 1021 reddit
901 977 961 1038 per
976 975 1103 1022 aunum
1119 956 1193 1038 ‚viii
1209 957 1372 1021 denarios.

435 1057 530 1123 Idem
556 1059 699 1122 lllichael
720 1067 812 1124 tenet
834 1057 874 1141 .ij.
898 1079 992 1124 acras
1012 1068 1098 1123 terre
1118 1080 1232 1124 versus
1253 1059 1474 1142 Steresbmge,

368 1173 401 1226 et
432 1161 543 1228 reddit
572 1183 632 1247 per
661 1184 787 1230 annum
818 1164 920 1246 xviij.
950 1165 1104 1229 denarios
1134 1162 1236 1248 [quas
1264 1185 1354 1230 nunc
1386 1175 1473 1230 tenet

369 1267 538 1332 Galfridus
561 1267 604 1332 de
629 1267 897 1353 Hiremongere].

433 1371 545 1455 [ldem
564 1371 708 1438 Michael
724 1383 817 1438 tenet
831 1393 932 1438 vnam
948 1393 1060 1438 acram
1077 1373 1189 1456 terre].

276 1483 294 1534 f·
310 1498 355 1548 ¹79
433 1477 604 1560 Jolrannes
626 1477 775 1544 Bermrd
791 1487 885 1542 tenet
905 1477 934 1560 .j.
956 1477 1098 1544 crustam
1119 1499 1186 1562 que
1200 1479 1263 1544 fuit
1278 1479 1420 1544 Galfridl
1435 1479 1476 1544 de

370 1583 538 1658 Bonvelle,
555 1593 591 1648 et
605 1585 716 1650 reddit
731 1603 789 1667 per
803 1603 928 1648 annum
945 1584 987 1667 .ij.
1002 1585 1141 1663 solidos,
1152 1584 1197 1667 ij.
1209 1585 1374 1650 derrarima

436 1687 531 1752 Idem
557 1687 729 1772 Johannes
755 1697 847 1751 tenet
872 1707 973 1751 vnam
1000 1687 1150 1771 placeam
1174 1699 1260 1753 terre
1283 1691 1316 1752 in
1341 1689 1477 1768 vaurella,

369 1810 434 1874 que
449 1789 512 1854 luit
529 1791 683 1855 Niclmlai
701 1791 732 1854 le
748 1789 868 1866 leche,
882 1800 916 1856 et
932 1790 1042 1856 reddit
1058 1811 1117 1874 per
1132 1811 1258 1856 aarum
1273 1793 1316 1874 ii
1331 1795 1463 1858 solidor

436 1895 530 1960 ldem
552 1895 722 1978 Johannec
738 1903 830 1960 tenet
846 1915 946 1960 mam
964 1895 1116 1979 placeam
1131 1917 1197 1980 que
1212 1896 1289 1961 luit¹
1308 1899 1341 1962 in
1360 1899 1477 1962 eadem

369 1993 508 2070 venella‚
523 2005 558 2058 et
574 1994 683 2059 reddit
699 2015 897 2080 perannum
916 2016 958 2060 .x.
974 1995 1136 2060 denarios.

438 2098 533 2164 idem
547 2099 718 2182 lohannes
733 2109 826 2164 tenet
841 2119 942 2164 vnam
959 2098 1112 2182 placeam
1126 2119 1192 2182 que
1207 2098 1270 2165 fuit
1286 2101 1421 2166 Ricardi
1436 2103 1478 2167 de

370 2202 577 2286 Maddlngle,
592 2213 626 2268 et
642 2204 753 2270 reddit
768 2223 827 2287 per
842 2224 966 2268 aunum
983 2203 1050 2286 .xij.
1067 2203 1230 2270 denarioa

438 2307 531 2372 Idem
549 2308 719 2391 Johannes
735 2318 828 2374 tenet
842 2327 942 2372 vnam
961 2309 1137 2374 dimidiam
1153 2329 1264 2374 acram
1282 2319 1368 2375 terre
1384 2313 1479 2376 iuxta

371 2410 546 2489 Aceslane,
562 2422 596 2475 et
611 2409 721 2476 reddit
737 2429 937 2494 perannum
953 2432 1018 2476 .xV.
1033 2413 1197 2478 denariae

437 2515 534 2579 Idem
552 2513 724 2597 Johannes
745 2523 837 2578 tenet
857 2532 958 2578 vnam
979 2532 1091 2576 acram
1113 2525 1198 2578 terre
1218 2515 1251 2578 in
1273 2535 1400 2600 campo
1414 2539 1478 2602 que

371 2619 432 2682 luit
449 2616 608 2681 Willelmi
626 2617 788 2699 Brodeye,
804 2627 838 2680 et
853 2613 963 2679 reddit
979 2635 1038 2699 per
1052 2636 1178 2680 aunum
1195 2637 1237 2682 .x.
1253 2619 1417 2686 denarios.

436 2723 536 2788 Sarra
562 2723 593 2788 lc
619 2722 786 2788 Coisscere
816 2731 909 2786 tenet
934 2741 1039 2784 vnum
1066 2723 1273 2804 mesuagium
1300 2725 1392 2806 quod
1419 2724 1477 2788 fuit

370 2826 503 2891 Thome
523 2827 553 2891 le
576 2826 709 2903 Macun,
728 2835 762 2890 et
783 2825 892 2890 reddit
913 2843 1119 2908 perannum
1138 2825 1180 2906 ,ii
1201 2827 1357 2890 denarios
1376 2827 1478 2911 [quod

370 2951 458 2996 nunc
474 2940 567 2994 tenet
584 2929 751 2994 Robertus
768 2927 904 3012 Veyse].

435 3034 585 3102 Thomas
612 3035 642 3098 le
669 3033 803 3117 Ropere
825 3043 917 3098 tenet
939 3053 1042 3098 vnum
1068 3035 1276 3117 mesuagium
1304 3037 1395 3118 quod
1422 3037 1480 3102 luit

372 3137 518 3202 Radulfii
534 3139 614 3214 coci,
629 3147 664 3202 et
679 3136 790 3202 reddit
806 3157 865 3219 per
879 3157 1006 3200 andum
1022 3136 1090 3219 .xij.
1106 3136 1268 3203 denarioa

437 3243 600 3306 Ricardus
635 3241 723 3323 Jado
753 3251 846 3305 tenet
875 3261 975 3306 vnam
1012 3240 1154 3306 croftam
1184 3241 1227 3306 ad
1258 3243 1368 3327 capud
1405 3244 1480 3310 ville

370 3365 487 3411 versus
509 3345 733 3426 Steresbrege,
753 3355 787 3409 et
810 3345 921 3410 reddit
943 3365 1002 3429 per
1024 3366 1149 3410 aunum
1172 3345 1213 3429 di
1237 3347 1373 3424 solidae,
1394 3360 1430 3414 et
1452 3349 1480 3431 .j.

371 3467 543 3532 caponem,
579 3457 614 3512 et
649 3448 690 3530 ,ij.
727 3449 892 3531 precariae
926 3448 1042 3532 [quam
1074 3469 1161 3514 manc
1192 3459 1285 3516 tenet
1317 3451 1482 3535 Margeria

374 3552 524 3636 Lordes].

439 3658 630 3722 Euerardus
652 3659 697 3722 de
719 3657 963 3722 Elemoeinaria
985 3666 1077 3722 tenet
1093 3677 1195 3722 vnum
1218 3659 1428 3741 mesuagium
1448 3669 1483 3725 et

371 3763 520 3845 quinque
540 3781 633 3825 acras
654 3773 749 3838 terre,
764 3771 800 3828 et
814 3746 924 3827 reddit
944 3783 1003 3845 per
1022 3781 1151 3827 annum
1165 3761 1196 3843 .j.
1213 3783 1358 3828 marcam
1377 3763 1482 3848 [quod

372 3887 460 3931 nunc
478 3877 570 3932 tenet
590 3867 733 3932 lsabella
749 3887 835 3932 vxor
849 3866 943 3949 eius].

436 3971 608 4054 lohannes
637 3972 769 4053 orloger
798 3981 892 4038 tenet
922 3991 1025 4036 vnum
1057 3971 1265 4055 mesuagium
1296 3973 1389 4054 quod
1421 3973 1482 4039 fuit

374 4077 511 4141 Henrici
534 4076 653 4160 Byker‚
670 4086 704 4140 et
724 4076 834 4141 reddit
853 4097 912 4160 per
933 4095 1059 4140 annum
1075 4075 1116 4157 ij.
1131 4075 1257 4140 solidus
1273 4075 1376 4159 [quod
1393 4097 1482 4144 urae

371 4191 464 4246 tenet
479 4201 567 4245 vxor
581 4180 675 4264 eius}

437 4285 608 4368 Johannes
640 4285 782 4368 Mayner
811 4295 903 4350 tenet
929 4304 1031 4350 vnum
1063 4284 1271 4367 mesuagium
1301 4288 1395 4369 quud
1421 4286 1481 4352 luit

651 4429 659 4462 ¹
679 4433 703 4482 A
715 4449 790 4498 space
802 4433 823 4482 la
834 4432 880 4483 leli
890 4433 915 4482 in
927 4431 971 4482 rhe
984 4431 1041 4482 MS.
1054 4431 1117 4482 aiter
1129 4431 1183 4481 luit.
