3192 5102
154 365 211 470 tv]
260 367 363 444 Hono
388 367 449 441 tte
474 367 616 465 Bisleop
642 367 690 465 os
707 367 786 463 Ely
812 367 880 440 losl
905 365 964 438 lois
989 373 1132 461 temper
1188 385 1252 435 221

183 705 232 771 27.
278 693 328 756 De
350 692 574 775 indignatione
595 691 749 774 Episcopi
768 702 799 756 et
821 689 1071 754 reconciliatione
1093 685 1238 750 Ecclesie.
1333 665 1343 677 η’

223 848 304 912 Post
340 847 531 913 incendium
569 858 798 914 conuenerunt
835 847 952 912 iratres
990 845 1032 910 ad
1071 841 1261 908 iaciendum
1276 839 1418 933 ἓξὲξ

156 951 355 1036 obsequium
371 955 523 1018 diuinum
540 953 573 1016 in
590 952 719 1036 capella
740 953 838 1016 beate
863 951 978 1028 Marie,
992 970 1059 1032 que
1079 947 1170 1033 prius
1191 953 1263 1010 erat
1276 939 1408 1044 {ipf’fgsss

157 1057 320 1136 dedicata,
336 1068 371 1125 et
387 1059 509 1122 ibidem
526 1058 778 1124 celebrauerunt
801 1058 919 1121 missas
938 1061 1029 1119 suas¹
1050 1053 1264 1137 sollempnes,
1277 1041 1422 1134 &3535‘

159 1182 224 1226 non
238 1161 309 1226 sine
322 1183 447 1245 magno
459 1163 582 1240 dolore,
593 1173 627 1228 et
644 1163 827 1227 matutinas
839 1183 916 1226 suas
928 1169 1093 1225 nocturno
1102 1169 1264 1242 tempore,
1276 1147 1399 1235 ξξςῖζςᾝ,

159 1288 226 1331 non
253 1268 324 1332 sine
356 1287 479 1351 magno
509 1270 638 1346 timore,
665 1289 723 1351 per
749 1277 859 1332 totum
886 1286 1012 1330 annum
1039 1264 1205 1346 integrum
1230 1272 1263 1327 et
1276 1241 1428 1335 {l‘fflffih'

159 1393 259 1457 supra
289 1394 394 1456 usque
423 1375 466 1438 ad
498 1374 587 1438 diem
619 1373 900 1438 reconciliacionis
933 1393 999 1456 que
1034 1371 1122 1434 iacta
1158 1353 1413 1446 tueratmllm‘

159 1478 265 1561 pridie
282 1499 387 1542 nonas
404 1479 528 1560 Martij.
574 1479 620 1543 Et
635 1479 714 1561 quia
730 1478 825 1542 multi
842 1477 1003 1541 dixerunt
1017 1474 1108 1558 quod
1125 1473 1265 1539 ecclesia

160 1579 297 1648 deberet
317 1583 545 1660 reconsecrari,
564 1583 619 1665 alij
642 1593 754 1647 autem
776 1583 934 1647 dicebant
955 1601 1032 1658 non,
1052 1580 1111 1644 sed
1133 1589 1264 1645 tantum

160 1688 373 1765 reconciliari,
410 1690 453 1753 ad
496 1689 696 1771 peticionem
739 1689 911 1753 cuiusdam
955 1687 1106 1752 canonici
1148 1687 1266 1751 annuit

160 1791 316 1857 dominus
331 1793 507 1877 episcopus
531 1793 695 1876 Elyensis,
710 1793 837 1857 scilicet
855 1792 1012 1856 dominus
1032 1792 1204 1876 Johannes
1223 1791 1266 1856 de
1299 1856 1304 1867 ,

162 1897 338 1980 Kyrkebil,
366 1897 478 1962 uenire
504 1897 547 1960 ad
575 1907 701 1961 certum
729 1897 828 1963 diem.
875 1897 952 1980 Quo
979 1898 1143 1972 ueniente,
1169 1905 1203 1960 et
1229 1906 1266 1960 ut

162 2004 263 2066 moris
279 2013 330 2068 est
346 2002 434 2068 iacta
449 2003 604 2068 oracione
622 2022 735 2067 coram
757 2023 881 2086 magno
902 2003 1015 2079 altare,
1031 2002 1119 2067 dixit
1135 2001 1265 2085 Symon

163 2106 255 2170 Prior
267 2107 439 2190 episcopo:
458 2107 598 2172 Domine
609 2127 672 2171 non
683 2105 1267 2190 habetononaquidadfaa'endum.

164 2213 209 2276 Et
232 2213 428 2296 episcopus:
457 2212 502 2277 Si
523 2234 584 2276 non
613 2217 726 2277 restat³
750 2212 803 2277 ln'c
823 2212 956 2294 aliquid
972 2211 1189 2295 faciendum,
1212 2233 1268 2295 ego

162 2317 313 2383 recedam.
360 2317 404 2381 Et
423 2317 558 2381 eleuans
581 2317 695 2381 oculos
718 2317 761 2381 ad
785 2318 895 2382 locum
919 2317 1157 2392 combustum⁵‚
1179 2316 1267 2394 Ecce,

163 2423 279 2507 inquit,
309 2422 448 2505 anstigno
477 2432 637 2506 apparent.
684 2420 762 2504 Quo
792 2422 882 2485 dicto
914 2421 1047 2486 recessit
1073 2421 1268 2486 festinanter

163 2547 239 2590 cum
263 2527 505 2610 indignacione,
532 2527 577 2591 ita
605 2525 695 2609 quod
719 2527 913 2591 ascenderet
938 2546 1060 2609 equum
1085 2536 1266 2609 antequam

165 2632 257 2696 Prior
280 2631 333 2695 uel
358 2632 477 2714 aliquis
501 2633 544 2696 de
568 2643 735 2696 conuentu
761 2643 875 2716 posset
898 2634 941 2696 ad
969 2653 1045 2696 eum
1071 2632 1267 2716 pertingere.

165 2737 210 2800 Et
225 2737 272 2800 sic
288 2757 364 2800 cum
382 2735 489 2800 lurore
506 2734 661 2800 recedens
680 2737 987 2801 excommunicauit
1007 2757 1124 2801 omnes
1139 2738 1265 2803 inhabi-

163 2853 283 2919 tantes,
298 2851 501 2926 quapropter
515 2840 610 2905 dolor
626 2843 775 2906 omniurn
798 2853 976 2907 renouatus
996 2852 1056 2908 est.
1101 2843 1266 2928 Verump-

164 2957 278 3012 tamen
289 2947 322 3010 in
333 2948 477 3011 crastino
488 2946 653 3012 relaxauit
663 2948 877 3013 sentenciam.
916 2947 983 3014 Sed
996 2948 1067 3012 eius
1078 2949 1268 3034 indignacio

166 3072 279 3116 uersus
306 3051 452 3115 Priorem
477 3061 511 3114 et
535 3062 738 3116 conuentum
766 3073 824 3136 per
851 3053 975 3117 multos
1001 3053 1072 3118 dies
1098 3057 1267 3138 quiescere

164 3159 306 3234 resciuit,
318 3177 450 3240 semper
461 3177 520 3240 per
530 3156 646 3241 plagas
659 3156 712 3221 dei
725 3158 845 3235 iurans,
857 3159 1068 3238 maledicens,
1079 3161 1268 3245 obiurgans,
1282 3175 1298 3225 t.
1312 3177 1343 3237 85

164 3273 199 3327 et
229 3263 392 3326 deteriora
422 3263 639 3327 comminans
700 3263 889 3328 Canonicos
921 3265 1027 3328 eciam
1063 3285 1175 3330 coram
1212 3265 1269 3330 illo

165 3367 428 3453 genuflectentes
467 3377 500 3432 et
534 3369 682 3450 graciam
720 3389 815 3433 suam
853 3369 1023 3434 humiliter
1059 3371 1269 3454 postulantes

165 3473 354 3556 obiurgauit
371 3473 675 3556 quocienscumque
698 3485 867 3552 uenerunt,
885 3495 945 3538 nec
960 3475 1065 3541 eciam
1082 3476 1204 3544 cibum.
1216 3477 1268 3542 uel

166 3589 283 3664 potum
302 3579 349 3642 eis
369 3578 441 3642 dari
462 3578 618 3662 precepit.
666 3577 704 3642 In
726 3579 872 3662 negociis
892 3579 998 3644 eciam
1020 3600 1133 3668 eorum
1155 3602 1268 3647 coram

166 3683 347 3749 baronibus
365 3682 408 3746 de
429 3681 593 3746 scaccario
614 3680 775 3746 iaciendis
796 3681 940 3748 multum
961 3684 1203 3751 aduersabatur
1222 3687 1269 3750 eis

166 3789 244 3871 quia
266 3797 346 3852 tunc
368 3796 439 3850 erat
464 3784 594 3870 R[egis]
618 3786 850 3853 thesaurarius.

233 3893 365 3958 Interea
377 3893 523 3968 sacrista,
535 3891 591 3975 qui
604 3901 684 3956 tunc
696 3893 857 3976 temporis
869 3902 940 3956 erat
953 3893 1088 3958 nomine
1102 3894 1270 3959 Robertus

166 4001 208 4064 de
221 3999 463 4082 Hokingtone⁰,
474 3997 615 4060 multum
625 3997 791 4074 anelabat,
802 4007 836 4062 et
846 3998 983 4063 uiriliter
993 3999 1175 4078 laborabat,
1184 4001 1271 4065 circa

166 4105 414 4188 reparacionem
432 4102 579 4180 ecclesie,
595 4112 628 4166 et
644 4105 891 4168 consummauit
907 4104 973 4169 iere
990 4105 1074 4169 inira
1089 4106 1270 4183 biennium,

166 4235 175 4266 ¹
193 4251 246 4292 sua,
260 4235 317 4282 MS.
376 4232 387 4264 ²
400 4233 468 4298 John
479 4233 511 4282 de
525 4233 646 4297 Kirkeby,
660 4249 689 4282 or
697 4234 765 4298 John
779 4233 868 4299 Kirby,
881 4251 933 4285 was
944 4237 987 4301 bp.
1000 4237 1029 4287 oi
1038 4237 1087 4301 Ely
1101 4238 1267 4302 1286—1290.

165 4317 177 4350 ⁸
193 4324 295 4377 restant,
309 4317 369 4368 MS.
498 4315 509 4348 ⁴
520 4316 641 4377 iacienda,
656 4317 713 4369 MS.
846 4315 857 4346 ⁵
873 4321 1030 4371 combustum
1042 4322 1086 4379 ait,
1099 4323 1156 4371 MS.

166 4401 178 4431 ⁸
195 4399 347 4461 Hovictone,
362 4399 419 4450 MS.
