3212 5064
147 352 197 453 11]
270 356 373 430 How
398 357 457 431 the
483 355 604 455 kz'ng’s
627 358 883 455 tax-gatham
907 382 982 430 ruas
997 356 1125 452 failed
1213 360 1255 429 81

147 544 335 626 predictum
370 545 413 609 ad
448 565 533 628 opus
572 547 674 628 Regis
712 545 846 610 leuaret.
908 544 1001 608 Prior
1038 563 1117 607 uero
1154 543 1259 607 dixit:
1274 541 1406 634 §3332

149 646 306 725 Domine,
321 649 387 712 alio
403 658 554 732 tempore
575 651 667 714 uenit
687 649 825 734 quidam
848 647 943 712 miles
958 649 1016 732 qui
1031 656 1102 711 erat
1119 646 1258 710 Domini
1271 642 1407 744 ζξξξιξζ

147 751 253 832 Regis
273 753 463 830 exchaetor,
486 754 583 816 sicuti
608 773 668 816 uos
692 753 795 816 modo
819 754 907 829 estis,
929 761 964 816 et
985 752 1092 816 uoluit
1114 750 1256 816 talliare¹
1271 741 1405 835 B{,¹',¹{','“'

147 865 228 919 tunc
248 857 362 922 villam
385 859 427 922 de
449 857 647 924 Cestertone
667 860 710 921 ad
731 879 816 941 opus
838 857 941 939 Regis
964 857 1050 920 sicut
1073 876 1133 920 uos
1155 856 1256 919 modo
1269 842 1387 944 ,9333

145 960 258 1036 uultis,
274 973 308 1027 et
324 963 537 1045 predecessor
553 984 647 1027 meus
670 965 759 1027 misit
775 963 816 1027 ad
835 963 970 1028 Curiam
989 961 1092 1044 Regis
1107 961 1255 1043 allegans
1269 943 1371 1034 ἕξω

146 1085 208 1148 pro
236 1075 327 1131 statu
357 1087 418 1130 suo
448 1077 482 1132 et
513 1068 759 1132 Canonicorum
790 1086 935 1143 suorum,
965 1076 999 1131 et
1028 1067 1146 1130 habuit
1175 1074 1256 1130 tunc
1269 1043 1391 1136 ἕὲἓὲὶἷῖἷι

145 1170 330 1234 remedium
369 1193 429 1253 per
464 1175 675 1249 scaccarium,
713 1173 803 1256 quod
845 1172 1136 1256 quocienscunque
1177 1171 1256 1235 Rex
1268 1143 1422 1237 lllhclw

145 1273 255 1339 talliat
286 1275 466 1359 burgenses
497 1299 575 1342 suos
605 1278 659 1342 uel
690 1277 860 1342 dominica
889 1298 960 1353 sua,
992 1277 1084 1340 Prior
1113 1275 1258 1340 talliabit

145 1376 259 1442 villam
277 1381 319 1444 de
336 1379 532 1446 Cestertone
547 1381 591 1445 ad
607 1403 691 1466 opus
707 1401 804 1446 suum
826 1381 1006 1464 proprium.
1052 1380 1141 1466 Quia
1157 1381 1258 1464 igitur

146 1501 208 1544 nos
244 1481 387 1566 religiosi
423 1504 538 1548 sumus
568 1495 602 1550 et
632 1505 693 1549 uos
729 1504 871 1568 persona
907 1484 1070 1567 religiosa,
1101 1504 1257 1566 rogamus

145 1605 208 1648 uos
230 1587 388 1668 quatinus
409 1609 476 1652 non
498 1588 625 1652 faciatis
650 1588 747 1653 nobis
770 1589 916 1653 deterius
935 1609 1038 1673 quam
1062 1587 1140 1652 fecit
1160 1587 1256 1652 nobis

145 1689 248 1752 homo
260 1691 415 1755 secularis
427 1693 484 1774 qui
497 1694 616 1757 eadem
633 1692 803 1757 fruebatur
815 1711 882 1775 qua
894 1713 954 1755 uos
967 1700 1144 1775 potestate.
1183 1692 1254 1755 Ex-

146 1794 283 1859 chaetor
298 1816 378 1860 uero
394 1796 500 1861 dixit:
523 1797 597 1862 Hec
614 1797 733 1873 dicitis,
748 1795 807 1860 sed
823 1796 904 1880 quid
922 1797 999 1860 inde
1015 1794 1171 1860 habetis?
1209 1795 1256 1859 Et

148 1897 240 1964 Prior
253 1901 401 1964 ostendit
413 1901 442 1965 ei
455 1903 690 1986 transcriptum
708 1900 956 1964 inrotulacionis
968 1899 1011 1963 de
1026 1899 1201 1978 scaccario,
1212 1898 1256 1962 de

145 2023 235 2068 anno
247 2004 402 2070 videlicet
420 2005 521 2089 Regis
540 2004 708 2090 H[enrici]
726 2011 822 2082 xxv0,
834 2014 868 2069 et
883 2013 934 2069 est
950 2003 1147 2069 inrotulacio
1163 2003 1256 2068 talis:

200 2149 373 2218 Cestertone,
386 2151 453 2205 villa
473 2151 578 2205 Prioris
596 2152 633 2207 de
654 2151 832 2216 Bernewelle‚
850 2151 943 2207 reddit
962 2160 1126 2221 compotum
1145 2150 1181 2206 de
1194 2163 1252 2206 .xv.

144 2237 249 2292 marcis
265 2238 302 2293 de
318 2238 449 2309 tallagio;
467 2239 497 2294 in
513 2238 646 2294 thesauro
664 2238 769 2306 nichil;
787 2248 815 2294 et
832 2239 886 2309 ipsi
902 2239 990 2293 Priori
1004 2249 1062 2293 xv.
1076 2255 1187 2294 marcas
1204 2255 1255 2308 per

145 2323 231 2378 breue
251 2325 346 2394 Regis,
366 2327 394 2380 in
413 2342 470 2396 quo
488 2327 647 2382 continetur
666 2327 742 2398 quod
761 2326 837 2380 idem
860 2325 939 2380 Prior
957 2335 985 2380 et
1003 2326 1134 2381 homines
1156 2327 1198 2380 sui
1217 2326 1253 2382 de

147 2412 312 2468 Cestertone
324 2413 456 2469 decetero
470 2414 526 2468 sint
538 2413 624 2486 quieti
638 2425 666 2470 et
678 2415 766 2485 quieti
779 2431 842 2468 esse
860 2414 965 2469 debent
981 2431 1033 2485 per
1044 2423 1152 2468 cartam
1167 2413 1253 2482 Regis

146 2499 286 2569 lobannis
307 2517 394 2571 quam
418 2502 478 2556 Rex
497 2502 626 2573 inspexit,
646 2511 673 2556 et
694 2519 746 2573 per
767 2502 1028 2558 consideracionem
1051 2503 1135 2557 Curie
1157 2501 1253 2571 Regis,
1266 2512 1285 2562 i.
1302 2513 1363 2564 aab

146 2588 219 2643 sicut
236 2589 397 2644 continetur
414 2589 443 2644 in
462 2590 563 2645 eodem
581 2591 669 2660 breui,
688 2601 716 2645 et
735 2591 830 2662 quieta
847 2590 913 2646 θεῖ’.

210 2721 405 2787 Exchaetor
430 2743 510 2786 uero
536 2723 645 2787 adhuc
673 2725 706 2786 in
734 2724 866 2788 malicia
892 2743 952 2787 sua
979 2723 1160 2806 persistens
1186 2724 1252 2789 ait:

144 2824 307 2890 Cedulam
335 2847 437 2890 unam
465 2828 641 2891 ostenditis
669 2827 759 2904 mihi,
784 2827 842 2892 sed
870 2829 949 2910 quia
976 2827 1121 2910 sigillum
1149 2827 1252 2910 Regis

143 2949 330 3012 appensum
347 2951 413 2993 non
436 2932 544 3007 uideo,
564 2931 725 3015 scripture
746 2930 846 2995 fidem
868 2952 935 2995 non
956 2931 1109 2996 adhibeo.
1155 2931 1252 2995 Tunc

145 3033 248 3096 Prior·
266 3034 419 3098 turbatus
449 3034 550 3098 corde
581 3037 714 3099 recessit
746 3036 790 3099 ab
820 3035 891 3099 eius
921 3037 1103 3118 presencia,
1133 3045 1251 3118 petens

142 3146 269 3200 cartam
295 3137 399 3220 Regis
423 3137 486 3201 sibi
510 3139 646 3203 restitui.
692 3138 761 3204 Sed
786 3138 924 3203 clericus
949 3139 1170 3214 exchaetoris,
1193 3140 1250 3222 qui

143 3253 269 3306 cartam
294 3242 383 3326 legit,
406 3244 514 3307 noluit
534 3263 608 3306 eam
631 3245 802 3308 restituere
825 3264 999 3327 quousque
1023 3244 1115 3307 Prior
1138 3243 1251 3308 iecerit

143 3347 251 3410 eidem
279 3347 436 3411 dari.xn
451 3348 631 3412 denarios
679 3346 807 3412 Videns
837 3349 939 3431 igitur
966 3347 1057 3411 Prior
1083 3348 1249 3412 maliciam

144 3449 284 3534 hospitis
300 3453 350 3514 sui
363 3451 583 3528 exchaetoris,
595 3452 722 3516 uocatis
737 3453 779 3516 ad
797 3473 832 3516 se
848 3453 979 3516 duobus
992 3452 1161 3517 canonicis
1173 3453 1250 3530 suis,

142 3555 211 3617 ait:
242 3555 353 3620 Video
376 3555 465 3638 quod
489 3556 591 3619 homo
615 3557 677 3620 iste
704 3555 806 3620 durus
829 3565 880 3620 est
902 3565 937 3620 et
958 3556 1107 3640 cupidus.
1154 3557 1249 3620 Eatis

141 3677 221 3740 ergo
247 3669 281 3723 et
308 3658 427 3723 dicatis
454 3659 483 3724 ei
511 3681 556 3724 ex
584 3669 679 3743 parte
703 3670 835 3724 nostra:
865 3659 1021 3736 Domine,
1046 3680 1107 3723 nos
1133 3680 1248 3724 sumus

141 3763 287 3846 religiosi
308 3765 393 3828 sicut
415 3774 448 3829 et
470 3785 538 3828 uos.
586 3765 763 3829 Precamur
782 3765 883 3849 igitur
904 3765 1061 3848 quatinus
1085 3765 1114 3828 si
1138 3765 1248 3848 placet

138 3865 202 3930 hac
226 3868 297 3931 vice
322 3870 466 3952 parcatis
490 3869 587 3933 nobis
611 3890 672 3954 pro
697 3869 771 3946 dec,
794 3879 828 3933 et
853 3889 914 3932 nos
938 3879 1065 3933 secreto
1092 3870 1247 3934 dabimus

138 3971 236 4034 uobis
262 3972 305 4036 ad
333 3973 529 4056 speciariam
551 3987 639 4037 .xu.
661 3972 806 4051 solidos;
838 3983 872 4036 et
898 3973 1020 4037 adiecit
1049 3973 1158 4037 Prior:
1190 3971 1246 4038 Sic

139 4076 228 4138 enim
252 4076 359 4158 magis
381 4077 522 4159 expedit
545 4077 641 4141 nobis
663 4095 765 4160 quam
793 4077 1029 4160 perdere.xv.
1043 4076 1150 4141 libras.
1197 4075 1246 4140 At

140 4177 187 4240 illi
222 4180 383 4243 abeuntes
417 4180 565 4245 fecerunt
595 4181 680 4245 sicut
713 4181 806 4244 Prior
834 4181 982 4265 precepit
1012 4181 1245 4265 promittentes

140 4283 187 4346 ei.
199 4284 405 4350 xt..solidos.
441 4285 635 4350 Exchaetor
650 4305 730 4349 uero
745 4284 889 4349 eleuauit
905 4305 1021 4348 uocem
1037 4294 1072 4349 et
1086 4283 1244 4349 clamauit

200 4418 209 4450 ¹
226 4421 344 4479 talliasse,
356 4421 413 4472 MS.
589 4419 601 4452 ²
616 4421 760 4482 corrected,
773 4437 801 4470 as
812 4423 900 4479 abore,
912 4420 977 4470 from
989 4421 1031 4471 the
1044 4420 1107 4486 Pipe
1119 4419 1186 4469 Roll.

220 4536 246 4580 c.
1144 4521 1162 4576 6
