3192 5102
327 358 398 449 284
643 359 681 432 T
675 367 805 434 enanis
832 359 872 434 in
902 357 1121 458 Cambarilge
1312 359 1431 460 [aoox

389 543 577 610 Willelmus
601 545 714 611 Pittok
737 555 829 611 tenet
851 566 954 609 vnum
981 546 1188 629 mesuagium
1214 547 1249 610 in
1273 545 1430 629 parochia

324 647 438 713 Sancti
463 648 646 713 Clementis
668 650 701 712 in
722 649 847 732 angulo
868 649 965 713 iuxta
986 660 1134 732 pontem,
1148 659 1184 713 et
1205 649 1317 716 reddit
1333 649 1429 732 adju

325 751 436 816 Debet
452 752 587 818 obolum
605 752 648 818 ad
663 753 878 838 hagabulum.

389 855 579 920 Willelmus
602 857 727 924 Seman
751 866 844 922 tenet
865 877 966 922 vnum
991 857 1197 941 mesuagium
1219 859 1253 921 in
1273 858 1430 942 parochia

325 959 440 1026 Sancti
457 960 622 1043 Johannis
642 963 676 1026 in
699 960 917 1044 Strawylane‚
933 971 967 1026 et
983 961 1093 1026 reddit
1109 982 1168 1045 per
1182 982 1309 1026 annum
1331 963 1430 1045 ,xiid

391 1063 486 1129 Idem
518 1065 706 1130 Willelmus
741 1075 834 1130 tenet
863 1086 966 1130 vnum
1001 1066 1209 1148 mesuagium
1241 1067 1275 1130 in
1311 1067 1429 1131 eadem

324 1169 481 1254 parochia
505 1191 605 1254 super
628 1171 814 1236 comerium
839 1170 882 1235 de
907 1170 1118 1253 Strawylane
1141 1181 1176 1235 et
1200 1171 1311 1235 reddit
1336 1171 1403 1254 ‚ijs⁸

390 1274 500 1339 Alicia
526 1274 702 1340 Godeman
731 1285 824 1340 tenet
846 1297 949 1339 vnum
978 1276 1185 1359 mesuagium
1213 1277 1246 1338 in
1274 1276 1431 1359 parochia

324 1378 440 1443 Sancti
464 1378 646 1444 Clementis
673 1380 769 1444 iuxta
796 1380 1004 1464 mesuagium
1033 1380 1169 1444 Ricardi
1194 1380 1374 1458 Laurence
1396 1390 1433 1445 et

323 1485 433 1550 reddit
456 1483 556 1567 xiid.

389 1588 553 1653 Ricardus
579 1588 751 1652 Laurence
777 1597 870 1654 tenet
896 1609 996 1654 vnam
1023 1591 1163 1655 domum
1190 1590 1224 1654 in
1247 1590 1375 1668 hulmo,
1398 1600 1434 1654 et

324 1691 433 1757 reddit
456 1713 515 1776 per
536 1712 662 1757 annum
687 1692 760 1775 .ij.d.

387 1797 558 1881 Johannes
595 1797 661 1862 But
696 1807 790 1862 tenet
824 1818 928 1864 vnum
965 1799 1174 1883 mesuagium
1208 1800 1241 1864 in
1272 1798 1433 1882 parochia

324 1897 440 1962 Sancti
471 1895 653 1962 Clementis
685 1897 780 1961 iuxta
811 1899 1019 1982 mesuagium
1046 1920 1144 1964 suum
1170 1907 1206 1963 et
1236 1899 1346 1963 reddit
1373 1917 1435 1981 per

323 2020 448 2064 annum
471 2021 534 2065 .v.s.
557 1999 630 2082 .ij.d.

390 2106 485 2170 Idem
516 2104 689 2190 Johannes
719 2115 811 2170 tenet
835 2127 937 2172 vnum
969 2108 1176 2190 mesuagium
1208 2107 1241 2170 in
1273 2106 1434 2189 parochia

324 2211 439 2276 Sancti
464 2211 552 2274 Petri
576 2211 663 2273 vltra
686 2219 834 2293 pontem,
858 2222 892 2276 et
915 2211 1025 2276 reddit
1047 2233 1106 2295 per
1128 2231 1254 2275 annum
1278 2209 1347 2290 ijs.

232 2317 249 2367 t.
265 2317 308 2369 161
390 2313 554 2378 Ricardus
571 2314 613 2378 de
631 2314 772 2378 Parham
788 2325 881 2379 tenet
891 2335 992 2379 vnum
1006 2315 1215 2398 mesuagium
1228 2315 1260 2376 in
1273 2314 1434 2395 parochia

325 2417 441 2484 Sancti
465 2417 648 2482 Clementis
671 2419 769 2482 iuxta
795 2421 1004 2503 mesuagium
1033 2419 1169 2482 Ricardi
1192 2417 1235 2481 de
1259 2417 1376 2500 Leyk’,
1399 2429 1434 2482 et

324 2523 433 2588 reddit
456 2523 532 2606 .iijs.
557 2534 592 2588 et
614 2523 643 2605 .j.
667 2523 785 2587 libram
813 2523 947 2606 ciminij.

389 2625 556 2691 Walterus
568 2627 610 2691 de
622 2627 778 2710 Horseya
788 2636 881 2691 tenet
892 2647 993 2691 vnum
1006 2626 1214 2709 mesuagium
1227 2627 1260 2689 in
1274 2625 1433 2709 parochia

324 2731 440 2797 Sancti
453 2731 636 2797 Clementis
653 2731 749 2794 iuxta
762 2732 968 2813 mesuagium
982 2732 1062 2795 dicti
1076 2730 1210 2795 Ricardi
1223 2729 1265 2792 de
1279 2729 1433 2807 Parham,

323 2848 358 2902 et
373 2837 482 2901 reddit
498 2836 526 2920 .j.
540 2856 695 2901 marcam.

390 2941 494 3005 Filius
522 2941 712 3024 Margarete
734 2941 777 3004 de
801 2938 892 3004 Aula
916 2949 1007 3005 tenet
1030 2961 1132 3004 vnum
1160 2940 1369 3022 mesuagium
1399 2941 1432 3002 in

324 3046 442 3111 eadem
456 3047 613 3130 parochia
628 3046 724 3109 iuxta
740 3045 948 3128 mesuagium
961 3046 1041 3109 dicti
1055 3045 1194 3110 Walteri
1207 3046 1250 3108 de
1268 3043 1433 3126 Horseya.

323 3161 357 3216 et
373 3152 483 3216 reddit
498 3150 630 3234 ,xviijui

390 3255 559 3320 Robertus
589 3255 714 3338 Tuylet
744 3265 837 3319 tenet
867 3275 968 3318 vnam
1003 3252 1178 3337 grangiam
1209 3253 1242 3316 in
1274 3251 1432 3336 parochia

324 3359 486 3426 Omnium
509 3358 709 3424 Sanctorum
731 3361 828 3423 iuxta
850 3358 1035 3436 Barbekan,
1056 3367 1090 3422 et
1111 3357 1221 3421 reddit
1243 3354 1331 3438 .iiij.s.
1346 3355 1433 3437 ajat

391 3463 557 3529 Henricus
588 3462 713 3546 Tuylet
742 3473 835 3528 tenet
861 3484 962 3528 vnam
993 3462 1168 3547 grangiam
1199 3482 1245 3525 ex
1274 3459 1432 3544 opposito

324 3567 462 3633 ecclesie
489 3568 650 3634 Omnium
679 3569 879 3634 Sanctorum
907 3569 949 3633 ad
981 3568 1147 3644 Castrum,
1172 3577 1207 3631 et
1234 3566 1343 3630 reddit
1372 3586 1434 3648 per

323 3692 449 3737 annum
472 3671 573 3755 ,xijrt
636 3695 639 3709 ··
995 3672 1151 3757 [Summa
1167 3671 1312 3736 ,xxxixr
1327 3666 1432 3753 ‚viij.‘¹]
