3192 5102
147 387 205 488 vr]
436 389 631 464 Hundred
652 390 701 487 of
717 389 829 488 Long
852 389 953 464 Stow
1183 409 1253 480 243

147 575 189 640 de
219 576 319 640 feodo
348 575 496 660 episcopi
529 573 692 658 Elyensis‚
722 584 756 638 et
785 574 887 638 debet
916 571 945 656 .j.
970 582 1096 637 sectam
1124 582 1157 636 et
1184 570 1254 656 [de]

148 680 276 745 auxilio
298 681 505 745 vicecomitis
527 681 593 764 ijs.

223 785 370 850 Westwic
407 784 626 869 [Westwick].
674 784 838 848 Ricardus
876 783 1065 848 Belebuche
1102 793 1194 848 tenet
1225 783 1254 866 .j.

147 891 273 976 hydam
289 901 375 956 terre
391 892 434 956 de
450 892 549 956 feodo
570 892 717 975 episcopi
741 890 896 974 Elyensis
916 899 950 954 et
965 888 1067 954 debet
1083 888 1111 973 .j.
1128 898 1253 953 sectam

147 1003 182 1058 et
197 993 239 1058 de
254 994 382 1058 auxilio
403 995 608 1058 vicecomitis
628 994 693 1076 ijs.
741 994 872 1058 Ibidem
890 993 1057 1058 Robertus
1073 995 1116 1058 de
1140 994 1255 1057 Insula

147 1097 249 1162 debet
278 1097 307 1180 .j.
338 1107 464 1163 sectam
495 1117 596 1181 quam
627 1097 799 1181 Johannes
830 1098 974 1161 Wombe
1007 1096 1084 1160 lacit
1115 1118 1175 1180 pro
1205 1117 1255 1161 eo.

148 1201 194 1265 Et
217 1201 305 1266 idem
331 1202 498 1267 Robertus
520 1203 621 1266 debet
643 1201 687 1267 de
709 1201 837 1266 auxilio
866 1201 1072 1266 vicecomitis
1098 1199 1199 1283 ,iiij.s.,
1221 1209 1255 1265 et

147 1315 225 1371 sunt
247 1305 289 1389 ij.
311 1305 390 1371 hide
413 1307 606 1389 geldabiles,
629 1318 663 1372 et
685 1307 786 1372 debet
808 1307 1016 1391 pontagium.

212 1411 363 1493 Drayton
387 1411 475 1496 [Dry
499 1412 676 1496 Drayton].
723 1412 886 1476 Ricardus
916 1413 958 1476 de
982 1413 1135 1495 Draylon
1162 1418 1346 1482 teneti-144

147 1515 282 1580 feodum
299 1515 327 1598 .j.
344 1516 459 1581 militis
474 1516 518 1581 de
533 1516 632 1582 feodo
655 1516 850 1599 Hardewyn
865 1515 908 1580 de
924 1515 1079 1581 Scalariis
1100 1525 1134 1580 et
1154 1515 1255 1581 debet

146 1621 176 1701 .j.
200 1629 335 1699 sectam,
357 1623 400 1686 de
421 1622 551 1686 auxilio
572 1623 776 1687 vicecomitis
799 1621 886 1704 .iij.s.,
901 1629 935 1686 et
957 1630 1050 1686 tenet
1073 1621 1126 1704 iij.
1147 1621 1256 1705 hydas

146 1723 340 1808 geldabiles.
385 1726 496 1791 Debet
533 1728 740 1810 pontagium.
801 1727 953 1808 Rogerus
993 1725 1120 1790 Giilard
1162 1735 1255 1790 tenet

148 1829 283 1894 feodum
299 1831 429 1894 dimidii
446 1831 560 1896 militis
575 1831 618 1896 de
641 1832 741 1898 feodo
765 1831 937 1915 Radul'phi
961 1831 1003 1894 de
1027 1831 1256 1908 Mortuomari,

149 1942 182 1997 et
198 1943 290 1999 tenet
305 1934 357 2015 iij.
374 1935 483 2018 hydas
499 1935 690 2019 geldabiles,
705 1945 739 2001 et
755 1936 856 2000 debet
872 1936 1077 2020 pontagium.
1126 1935 1255 2000 ibidem

149 2040 239 2122 prior
252 2040 295 2103 de
319 2040 487 2105 Swauesh’
502 2051 596 2105 tenet
612 2042 663 2125 iij.
680 2041 789 2124 hydas
812 2061 879 2104 non
895 2040 1081 2122 geldabiles
1103 2049 1137 2104 et
1155 2041 1257 2105 debet

148 2143 178 2226 .j.
194 2151 330 2220 sectam,
346 2153 379 2209 et
394 2153 486 2208 tenet
502 2145 535 2208 in
552 2145 689 2209 liberam
707 2145 934 2211 elemosinam.

368 2458 570 2524 Hundrcdm
591 2457 630 2522 de
652 2456 763 2522 Stowe
782 2456 898 2540 [Long
921 2455 1037 2541 Stow].

218 2631 356 2698 Croxton
378 2630 569 2716 [Croxton].
628 2629 798 2714 Johannes
821 2628 865 2692 de
888 2628 1044 2694 Scalariis
1070 2639 1163 2696 tenet
1192 2632 1258 2715 iiij.

151 2747 280 2820 partem
297 2736 386 2800 leodi
401 2735 431 2817 .j.
446 2735 561 2800 militis
577 2735 618 2798 de
636 2733 734 2798 leudo
749 2735 792 2797 de
815 2733 971 2798 Scalariis
994 2744 1028 2798 et
1050 2735 1200 2801 defendit
1223 2757 1258 2800 se
1361 2772 1374 2808 ,·

152 2861 213 2924 pro
234 2861 301 2904 vna
323 2841 414 2921 hyda
437 2839 606 2922 geldabili‚
628 2847 662 2901 et
686 2837 787 2902 debet
802 2838 832 2920 .j.
848 2847 984 2914 sectam,
1007 2847 1041 2902 et
1065 2839 1107 2904 de
1130 2841 1259 2906 auxilio

151 2946 355 3009 vicecomitis
385 2945 492 3021 .xii.d.,
522 2944 623 3008 etde
650 2944 777 3008 auxilio
807 2945 967 3027 prepositi
994 2947 1069 3009 .xvi.
1096 2947 1258 3012 denarios.

154 3049 283 3113 Ibidem
315 3049 479 3114 Radulfus
511 3049 677 3132 Sampson
710 3059 801 3113 tenet
825 3049 866 3131 ij.
891 3049 1000 3132 hydas
1026 3060 1060 3114 ct
1084 3051 1257 3116 dimidiam

151 3153 334 3238 geldabiles
372 3175 430 3237 per
467 3155 662 3218 serianciam
700 3154 743 3217 de
780 3154 919 3217 domino
957 3153 1061 3237 Rege,
1090 3165 1124 3219 et
1158 3155 1259 3222 debet

152 3259 193 3341 ij.
231 3269 343 3342 partes
379 3261 407 3323 .i.
444 3269 542 3335 secte,
572 3269 606 3323 et
637 3260 680 3324 de
716 3259 844 3324 auxilio
881 3261 1086 3336 vicecomitis
1116 3261 1189 3345 ipse
1224 3272 1260 3326 et

152 3365 346 3447 homagium
362 3384 458 3428 suum
481 3372 591 3428 totum
613 3364 693 3428 ixs.
710 3382 917 3447 perannum.
963 3364 1094 3429 ibidem
1111 3366 1260 3432 Luciana

152 3469 196 3532 de
227 3468 378 3534 Cadamo
403 3478 495 3534 tenet
524 3469 552 3533 .i.
579 3469 705 3552 hydam
737 3478 771 3533 et
796 3469 972 3534 dimidiam
1003 3470 1187 3553 geldabiles
1217 3473 1261 3536 de

153 3573 272 3638 eodem
303 3572 411 3649 feodo,
441 3583 475 3638 et
511 3573 612 3638 debet
643 3574 694 3638 iii.
725 3583 855 3656 partem
885 3574 914 3638 .i.
951 3583 1049 3639 secte.
1097 3576 1189 3640 Prior
1217 3577 1261 3642 de

155 3679 364 3744 Huntendon
380 3689 472 3744 tenet
486 3680 530 3744 de
544 3681 664 3744 eodem
680 3678 779 3743 feodo
800 3679 830 3761 .j.
854 3678 979 3762 hydam
1002 3679 1203 3762 geldabilem
1227 3681 1260 3744 in

154 3782 291 3847 liberam
307 3784 534 3850 elemosinam.
578 3784 656 3849 Yvo
671 3781 796 3866 Quarel
812 3793 904 3848 tenet
919 3784 963 3849 de
978 3785 1097 3850 eodem
1119 3785 1220 3852 feodo
1234 3787 1261 3850 .i.

153 3885 280 3969 hydam
296 3889 504 3970 geldabilem.

226 3989 304 4069 Toft
346 3990 465 4075 [Tolt].
535 3991 686 4056 Heredes
724 3990 869 4055 Alberti¹
906 3992 950 4056 de
988 3991 1110 4058 Neuill’
1147 4003 1263 4058 tenent

156 4093 291 4158 feodum
314 4096 343 4158 .i.
366 4096 480 4160 militis
503 4096 546 4160 de
570 4096 697 4159 honore
726 4094 770 4158 de
801 4094 992 4160 Richmond
1023 4097 1157 4162 insimul
1186 4117 1262 4164 cum

155 4199 206 4262 iii.
220 4199 357 4282 virgatis
368 4209 455 4263 terre
466 4208 501 4262 et
511 4199 652 4264 dimidia
664 4200 697 4262 in
712 4198 890 4276 Swauesh’‚
900 4211 936 4265 et
946 4201 1071 4266 debent
1084 4203 1112 4266 .i.
1128 4211 1264 4281 sectam,

155 4301 248 4366 etde
265 4301 393 4366 auxilio
410 4303 613 4366 vicecomitis
633 4302 709 4386 .ij.s.,
729 4313 763 4367 et
781 4302 966 4369 defendunt
982 4325 1018 4368 se
1033 4325 1094 4388 pro
1110 4305 1149 4388 ij.
1165 4306 1264 4388 hydis

498 4463 507 4496 ¹
525 4466 573 4517 See
584 4467 673 4528 above,
686 4467 766 4517 under
777 4467 917 4534 Swavesey.

1088 4581 1183 4638 16-2
