3222 5086
175 357 236 457 111]
423 363 514 437 Caso
540 366 588 463 (ff
606 365 763 465 Scutage
785 377 826 441 at
852 367 1025 442 Harston
1213 390 1278 461 155

173 542 236 606 erit
251 547 341 628 quod
360 547 487 612 uenerit
502 559 618 613 contra
630 552 886 634 cyrographum,
899 559 932 614 et
945 561 1025 615 tunc
1037 551 1282 616 adiudicabitur

174 649 296 712 carceri
327 659 361 712 et
391 652 597 716 consiliarius
623 655 701 718 eius.
748 654 849 738 Quod
877 657 1016 719 audiens
1042 655 1212 739 Johannes
1239 657 1281 720 de

176 749 446 836 Metheringham
474 757 641 821 subtraxit
667 779 703 821 se
729 758 772 822 de
801 759 872 822 eius
900 760 1046 824 mulieris
1072 760 1220 836 consili0‚
1247 770 1281 824 et

173 854 246 936 ipsa
268 855 312 918 de
334 860 577 942 prosequendo,
599 870 633 925 et
656 862 732 926 ideo
756 863 788 926 in
813 863 1037 927 misericordia
1060 874 1121 928 etc.

246 1095 297 1175 76.
341 1095 508 1162 Placitum
531 1099 569 1162 de
590 1102 734 1183 scutagii)
755 1101 795 1165 dc
816 1101 1004 1166 Herlistone
1025 1100 1210 1185 [Harston].

241 1251 319 1314 Post
351 1264 492 1316 mortem
522 1254 686 1335 Johannis
716 1258 759 1319 de
792 1256 985 1320 Herlistone
1009 1259 1101 1320 venit
1129 1256 1280 1340 Nigellus
1295 1271 1409 1373 §palae

172 1353 274 1418 frater
303 1357 373 1420 eius
403 1369 437 1421 et
469 1358 562 1422 heres
593 1368 627 1423 et
657 1358 735 1423 fecit
765 1361 960 1442 homagium
998 1361 1101 1424 Priori
1139 1361 1279 1443 Symonr
1294 1371 1439 1464 „igitr”

171 1479 233 1540 pro
268 1460 408 1525 dimidio
445 1462 532 1526 feodi
571 1463 668 1527 unius
702 1464 817 1528 militis
846 1465 936 1546 quod
968 1465 1011 1528 de
1046 1486 1087 1529 eo
1122 1465 1280 1529 clamauit
1293 1477 1432 1575 ssffim

172 1573 285 1627 tenere
316 1564 348 1627 in
382 1566 586 1644 Herlistone,
612 1577 645 1631 et
675 1567 753 1632 fecit
784 1569 813 1631 ei
844 1569 1004 1632 reieuium
1035 1569 1428 1666 quinquagintaghnefflf„
1460 1591 1463 1598 ’

172 1666 364 1732 solidorum.
411 1670 568 1734 Processu
594 1673 755 1754 temporis
779 1673 916 1754 petebat
940 1674 983 1736 ab
1010 1693 1050 1737 eo
1076 1673 1169 1737 Prior
1193 1674 1414 1766 mmmm·

172 1770 298 1835 solidos
323 1793 383 1855 pro
406 1776 557 1857 scutagio
582 1776 718 1858 quando
744 1776 897 1840 currebat
922 1777 1105 1841 secundum
1136 1776 1278 1841 formam
1292 1776 1426 1868 {gfffflm

170 1886 261 1940 carte
292 1877 394 1943 Alani
425 1882 467 1944 de
501 1881 694 1944 Herlistone
730 1881 783 1944 aui
820 1882 879 1957 sui,
909 1881 968 1944 sed
999 1881 1089 1946 idem
1125 1882 1416 1970 Nigrallusffsss⁸h¹³v⁴ffi¹

170 1985 359 2064 scutagium
396 1986 474 2049 dare
510 1987 724 2050 contradixit.
786 1985 1002 2068 Quapropter
1032 1986 1124 2050 Prior
1154 1987 1278 2052 leuauit

171 2087 272 2150 breue
298 2087 401 2171 Regis
426 2110 538 2153 uersus
561 2092 705 2154 eundem
724 2089 893 2172 Nigellum
911 2089 944 2151 in
966 2090 1082 2153 itinere
1103 2089 1278 2171 justiciari-

170 2210 265 2253 orum
282 2201 352 2270 etc„
368 2193 456 2256 vnde
472 2193 668 2257 inrotulacio
683 2193 759 2257 talis
775 2200 853 2257 est¹:

226 2312 355 2382 Nigellus
367 2313 403 2368 de
420 2313 581 2370 Herlistone
593 2314 781 2369 summonitus
794 2313 846 2368 fuit
858 2313 895 2368 ad
905 2313 1133 2384 respondendum
1145 2315 1232 2370 Priori
1243 2318 1278 2371 de

171 2401 343 2456 Bemewelle
354 2402 389 2458 de
401 2401 505 2472 placito
519 2403 595 2472 quod
605 2401 689 2456 iaciat
702 2401 727 2456 ei
741 2403 959 2457 consuetudines
971 2411 999 2456 et
1009 2411 1087 2457 recta
1095 2403 1213 2459 seruicia
1222 2421 1278 2475 que

170 2487 194 2543 ei
208 2489 300 2544 iacere
313 2490 397 2545 debet
410 2490 446 2545 de
459 2489 548 2546 libero
561 2503 723 2546 tenemento
736 2508 788 2546 suo
800 2492 876 2562 quod
890 2492 925 2546 de
938 2507 972 2545 eo
985 2501 1061 2545 tenet
1075 2490 1103 2545 in
1115 2491 1276 2548 Harleston.

170 2579 208 2632 Et
229 2579 303 2634 vnde
321 2578 389 2634 dicit
409 2581 485 2651 quod
505 2597 569 2636 cum
589 2580 731 2651 predictus
755 2581 883 2650 Nigellus
903 2591 1006 2648 teneat,
1028 2589 1056 2633 et
1075 2580 1110 2634 de
1129 2597 1163 2634 eo
1182 2592 1277 2637 tencre

168 2666 280 2734 debeat,
290 2667 440 2723 dimidium
452 2669 567 2722 feodum
576 2667 672 2723 militis
684 2667 713 2722 in
723 2667 849 2739 predicta
859 2668 926 2722 uilla
936 2684 987 2737 per
996 2667 1146 2723 seruicium
1155 2669 1276 2724 faciendi

168 2753 194 2810 ei
212 2755 377 2825 homagium
390 2767 417 2811 et
435 2756 555 2811 faciendi
568 2756 593 2811 ei
610 2756 768 2826 scutagium
786 2768 924 2827 quantum
941 2757 1063 2827 pertinet
1078 2757 1114 2810 ad
1128 2756 1277 2813 dimidium

168 2843 283 2899 feodum
295 2843 392 2899 militis
406 2861 470 2900 cum
487 2845 629 2913 acciderit,
643 2855 670 2900 et
683 2863 732 2916 per
745 2845 894 2900 seruicium
907 2845 1028 2901 faciendi
1047 2845 1071 2900 ei
1084 2847 1156 2900 duos
1170 2847 1276 2901 solidos

168 2933 294 3002 quolibet
308 2930 395 2987 tercio
407 2949 483 2987 anno
496 2935 533 2988 ad
546 2934 705 2989 custodiam
718 2933 802 2988 castri
816 2933 852 2988 de
870 2933 1060 3004 Rokingham‚
1072 2944 1101 2989 et
1118 2935 1154 2988 de
1173 2933 1275 3005 quibus

168 3020 295 3091 seruicijs
314 3022 430 3091 quidam
447 3023 565 3093 Jolanus
585 3022 729 3093 quondam
750 3019 829 3075 Prior
847 3021 882 3075 de
902 3022 1073 3076 Bemewelle
1092 3022 1275 3092 predecessor

168 3124 235 3164 suus
257 3108 309 3163 tuit
328 3109 457 3177 seysitus‚
475 3109 582 3164 scilicet
601 3110 636 3164 de
655 3108 782 3179 predicto
801 3107 934 3176 homagio
953 3118 982 3163 vt
1000 3108 1036 3163 de
1054 3108 1139 3162 feodo
1157 3119 1185 3164 et
1203 3109 1273 3179 jure,

168 3205 196 3251 et
209 3198 245 3251 de
257 3195 391 3267 predictis
404 3195 531 3266 scutagio
544 3206 573 3251 et
590 3197 700 3262 duobus
718 3195 815 3250 solidis
829 3195 857 3249 in
875 3195 1019 3250 dominico
1035 3213 1086 3250 suo
1099 3205 1129 3250 ut
1142 3197 1178 3252 de
1190 3195 1274 3252 feodo

167 3295 196 3341 et
205 3287 267 3356 jure
275 3287 393 3341 ecclesie
407 3303 457 3340 sue
470 3285 560 3340 sancti
574 3284 668 3354 Egidij
682 3285 719 3339 de
733 3283 903 3338 Bemewelle
917 3292 1044 3353 ternpore
1056 3283 1135 3354 pacis
1147 3294 1274 3356 tempore

167 3375 274 3429 domini
299 3371 440 3446 H[enrici]
465 3373 552 3443 Regis
577 3372 665 3443 patris
690 3371 797 3428 domini
825 3371 910 3440 Regis
934 3389 1018 3439 nunc,
1044 3371 1182 3442 capiendo
1207 3373 1274 3429 inde

167 3461 291 3533 explecia
307 3462 344 3516 ad
357 3461 515 3517 valenciam
527 3471 579 3515 etc
622 3461 660 3514 Et
672 3460 749 3530 quod
761 3459 818 3514 tale
831 3457 866 3513 sit
881 3457 929 3527 jus
941 3457 1061 3513 ecclesie
1073 3475 1123 3512 sue
1140 3459 1273 3530 predicte,

167 3551 248 3606 offert
266 3549 335 3606 etc.²

222 3641 259 3694 Et
270 3638 399 3709 Nigellus
409 3638 486 3694 venit
499 3648 527 3692 et
540 3637 667 3693 defendit
679 3647 742 3704 eto,
753 3646 781 3691 et
793 3635 862 3690 dicit
874 3636 949 3706 quod
963 3651 1020 3688 non
1034 3645 1144 3690 tenetur
1157 3653 1271 3708 respon-

167 3725 234 3782 dere
250 3729 289 3782 ad
307 3729 361 3783 hoc
379 3727 465 3782 breue
484 3735 545 3792 eto,
558 3725 626 3796 quia
644 3725 721 3778 nulla
738 3724 802 3777 talis
819 3722 886 3776 villa
904 3732 947 3777 est
965 3722 995 3774 in
1014 3721 1149 3777 comitatu
1169 3723 1271 3779 Cante-

166 3819 254 3890 brigie
274 3835 330 3890 que
348 3827 465 3872 vocatur
485 3815 676 3869 Hardlestoue
696 3811 803 3867 scilicet
823 3827 887 3865 cum
907 3811 932 3863 d.

232 3927 321 4010 Quia
347 3925 447 4008 igitur
472 3924 527 3987 die
553 3922 751 4005 precedente
779 3940 837 4002 per
864 3918 1005 3982 eandem
1033 3917 1270 4000 excepcionem

166 4032 231 4096 ruit
250 4029 421 4113 quoddam
442 4026 543 4091 breue
559 4028 592 4089 in
614 4026 732 4088 eadem
753 4024 851 4096 curia,
869 4042 1003 4086 necesse
1024 4020 1086 4084 suit
1106 4020 1195 4103 quod
1217 4021 1273 4084 illa

166 4136 326 4217 excepcio
341 4133 540 4197 allocaretur
554 4150 612 4214 per
624 4127 833 4212 justiciarios,
845 4125 897 4190 uel
914 4125 1003 4208 quod
1021 4125 1082 4207 ipsi
1097 4124 1269 4207 justiciarij

167 4240 333 4304 uariarent
347 4239 381 4301 in
395 4237 528 4320 judicijs
544 4235 620 4299 suis.

475 4373 483 4406 ¹
502 4377 589 4426 Assize
601 4375 669 4431 Rou,
682 4375 732 4424 No.
745 4371 785 4429 86,
798 4371 902 4422 membr.
919 4387 957 4422 η.

472 4457 483 4488 ¹
500 4459 556 4508 The
568 4458 654 4507 record
667 4471 701 4505 on
712 4455 755 4506 the
766 4454 826 4504 Roll
838 4453 901 4502 ends
912 4453 979 4503 here.
