3188 5078
363 394 433 466 312
640 373 679 446 T
672 383 803 447 enanls
830 373 870 446 in
906 371 1170 470 Whittlefford
1348 370 1461 471 [soor

361 559 495 643 proprio
510 580 569 643 per
582 579 685 624 vnum
701 559 800 625 diem.
845 559 889 624 Et
905 559 932 623 si
949 559 1042 624 Prior
1056 559 1117 624 sibi
1134 557 1350 622 associauerit
1365 575 1461 620 vnum

361 663 531 728 hominem
552 674 586 730 et
606 684 709 728 vnum
732 684 866 748 equum,
881 675 961 730 tunc
983 665 1123 728 cariabit
1147 685 1205 746 per
1224 663 1312 727 duos
1331 662 1406 725 dies
1425 659 1463 724 ad
1551 713 1553 750 ἰ

362 768 473 833 cibum
489 769 617 832 domini
635 769 763 832 Prioris.

426 874 597 956 Johannes
624 873 706 940 Scot
732 885 825 940 tenet
850 875 1021 960 quoddam
1048 895 1189 958 paruum
1215 873 1368 939 clausum
1393 891 1464 936 cum

362 977 475 1056 domo,
491 989 524 1044 et
541 979 651 1045 reddit
667 999 726 1064 per
740 1001 866 1044 annum
883 979 983 1062 .xviij.
1000 979 1162 1044 denarios,

909 1085 1052 1150 Summa
1067 1104 1131 1147 .xv.
1147 1081 1245 1146 solidi
1260 1079 1313 1166 .vj.
1327 1081 1463 1162 denarij.

1052 1187 1193 1254 Summa
1208 1208 1379 1271 caponum
1395 1185 1466 1267 ‚viii

644 1294 786 1359 Summa
802 1295 918 1374 tocius,
933 1293 1039 1376 ,xxiii
1056 1293 1153 1358 solidi
1170 1290 1244 1374 ‚viij.
1260 1291 1402 1375 denarij‚
1416 1291 1465 1354 ob.

427 1462 563 1529 Solucio
578 1461 727 1527 redditus
750 1461 793 1526 de
809 1462 1089 1547 Dryedraytone:

425 1601 570 1684 Johanni
585 1601 629 1666 de
644 1601 786 1666 Camera
801 1601 845 1665 ad
860 1602 946 1666 duos
958 1601 1035 1665 anni
1052 1601 1212 1666 terminos
1224 1621 1293 1664 .xx.
1305 1601 1466 1665 denarios

427 1708 473 1772 Et
507 1707 550 1771 ad
587 1706 750 1771 auxilium
789 1706 992 1771 vicecomitis
1030 1705 1073 1770 ad
1111 1705 1197 1770 duos
1230 1705 1392 1770 terminos
1426 1727 1466 1769 .x.

361 1810 515 1876 denarios
538 1811 591 1876 ob.

427 1913 574 1980 Radulso
591 1913 720 1980 Giffard
735 1913 764 1997 .j.
780 1915 963 1980 denarium.

428 2019 576 2084 Henrico
592 2018 721 2101 Wyhot
736 2017 777 2101 ij.
793 2019 956 2084 denarios

860 2131 1002 2198 Summa
1017 2129 1058 2214 ij.
1073 2129 1171 2195 solidi
1187 2130 1243 2196 ix.
1259 2129 1400 2212 denarij,
1414 2129 1464 2194 ob.

622 2435 671 2498 26.
726 2433 919 2515 Witlesford
937 2432 1208 2517 (Wkittlesfora).

413 2597 570 2652 Edwardus
582 2596 628 2651 dei
640 2597 738 2668 gracia
751 2607 803 2652 etc.
817 2595 976 2652 vicecomiti
990 2595 1173 2668 Cantebrigie
1185 2597 1314 2653 salutem.

412 2687 485 2740 Cum
517 2685 689 2740 Laurencius
721 2685 801 2739 Prior
830 2685 976 2756 quondam
1003 2685 1039 2739 de
1070 2685 1242 2741 Bernewelle
1269 2683 1466 2756 (predecessor

359 2773 492 2840 Symonis
508 2771 544 2826 de
560 2773 676 2828 Asseles
695 2788 770 2827 nunc
791 2769 919 2844 Prioriis]
936 2772 973 2827 de
993 2771 1175 2839 Bemewelle)
1192 2787 1241 2841 per
1257 2781 1365 2826 cartam
1384 2787 1464 2826 suam

357 2859 503 2914 feofauerit
529 2860 707 2930 Stephanum
732 2860 758 2914 le
781 2859 881 2914 Chanu
907 2859 943 2914 de
968 2857 1058 2913 sexies
1080 2857 1179 2928 viginti
1204 2857 1277 2912 acris
1302 2868 1375 2914 terre
1401 2873 1464 2914 cunr

358 2947 538 3018 pertinencijs
556 2947 583 3001 in
602 2947 775 3014 Witlesford‚
791 2947 938 3002 habendas
956 2957 983 3001 et
1001 2947 1140 3003 tenendas
1159 2946 1253 3002 eidem
1270 2947 1419 3017 Stephano
1437 2958 1464 3002 et

357 3035 507 3090 heredibus
521 3035 579 3089 suis
592 3035 628 3090 de
645 3035 753 3106 prefato
768 3034 864 3090 Priore
881 3045 909 3091 et
925 3035 1136 3091 successoribus
1149 3036 1207 3090 suis
1225 3051 1275 3106 pro
1292 3035 1464 3106 quibusdam

356 3122 440 3177 certis
469 3123 595 3193 seruicijs
619 3122 754 3193 predictis
781 3123 868 3178 Priori
893 3133 921 3176 et
946 3123 1156 3178 successoribus
1181 3123 1240 3177 suis
1265 3123 1464 3194 inperpetuum

355 3209 508 3275 iaciendis3
530 3212 573 3266 Ac
592 3209 751 3266 Willelmus
773 3212 799 3265 le
819 3211 919 3266 Chanu
938 3209 1011 3265 filius
1033 3221 1061 3266 et
1083 3209 1164 3266 heres
1183 3209 1304 3281 predicti
1325 3211 1463 3281 Stephani

355 3297 448 3368 plures
470 3309 618 3354 extraneos
641 3300 676 3355 de
701 3309 761 3354 tota
786 3299 913 3370 predicta
937 3309 1011 3354 terra
1035 3300 1226 3370 particulatim
1246 3299 1394 3355 feoiauerit
1416 3301 1463 3372 qui

354 3386 464 3456 prefato
484 3385 572 3441 Priori
589 3387 715 3457 predicta
734 3387 855 3442 seruicia
872 3402 924 3441 sua
940 3386 1033 3442 facere
1050 3387 1256 3456 contradicunt,
1271 3399 1299 3442 et
1311 3403 1384 3458 quos
1401 3405 1463 3458 pre-

354 3473 448 3528 dictus
467 3473 546 3528 Prior
563 3491 613 3544 pro
631 3473 765 3545 predictis
782 3473 909 3544 seruicijs
926 3475 954 3527 in
974 3474 1058 3529 certis
1076 3473 1146 3529 locis
1164 3475 1236 3530 inita
1251 3473 1366 3529 feodum
1379 3491 1463 3530 suum

355 3559 462 3616 ibidem
480 3557 648 3631 distringere
666 3577 723 3615 non
740 3571 852 3632 potest:
871 3579 906 3616 eo
923 3561 999 3633 quod
1017 3561 1055 3617 de
1070 3559 1177 3616 tenuris
1191 3561 1250 3617 suis
1262 3561 1463 3619 certitudinem

354 3665 410 3703 non
428 3649 522 3716 habet,
536 3649 608 3704 sicut
625 3666 659 3704 ex
673 3651 788 3720 querela
800 3649 918 3720 predicti
934 3650 1038 3705 Prioris
1052 3652 1235 3722 accepimus;
1256 3651 1319 3706 Nos
1337 3654 1462 3708 eundem

355 3737 480 3792 Priorem
497 3746 636 3808 quantum
653 3736 689 3791 de
707 3736 766 3792 iure
779 3737 933 3807 poterimus
946 3737 1043 3794 iuuare
1055 3737 1183 3793 uolentes
1196 3738 1225 3793 in
1238 3737 1293 3794 bac
1305 3749 1394 3810 parte,
1409 3739 1460 3796 tibi

352 3825 524 3897 precipimus
546 3825 623 3896 quod
645 3837 728 3880 caute
748 3836 778 3882 et
799 3826 1004 3896 circumspecte
1026 3825 1151 3898 inquiras
1173 3827 1308 3898 quisunt
1330 3838 1462 3884 tenentes

352 3914 552 3986 predictorum,
565 3914 601 3969 de
617 3915 720 3985 quibus
737 3914 882 3986 predictus
895 3914 1055 3970 Willelmus
1072 3931 1121 3970 eos
1138 3915 1263 3984 ieoiauit,
1275 3926 1305 3972 et
1320 3932 1371 3986 per
1383 3917 1461 3986 quod

352 4001 501 4058 seruicium
521 4002 638 4075 quilibet
657 4020 754 4058 eorum
774 4013 858 4074 tenet,
874 4015 903 4060 et
922 4014 1060 4076 quantum
1078 4013 1107 4060 et
1125 4003 1161 4060 de
1180 4021 1238 4076 quo
1255 4005 1419 4071 tenendum.
1432 4017 1461 4061 et

351 4092 472 4164 qualiter
491 4104 520 4149 et
539 4091 683 4164 quomodo
701 4103 729 4148 et
748 4093 777 4147 in
796 4093 899 4165 quibus
918 4093 988 4148 locis
1006 4093 1072 4149 ville
1091 4092 1217 4165 predicte
1235 4091 1363 4164 predicta
1382 4103 1460 4151 tene·

350 4195 449 4238 menta
464 4183 565 4238 iacent.
603 4183 641 4237 Et
659 4181 877 4253 inquisicionem
894 4181 960 4236 inde
976 4179 1110 4236 distincte
1126 4189 1153 4236 et
1170 4192 1267 4252 aperte
1282 4181 1388 4236 iactam
1404 4183 1459 4237 sub

350 4273 443 4344 sigillo
467 4283 515 4329 tuo
540 4283 568 4328 et
594 4272 647 4327 sub
672 4271 771 4343 sigillis
796 4287 893 4326 eorum
918 4286 968 4341 per
991 4285 1064 4340 quos
1085 4269 1161 4326 facta
1181 4269 1263 4326 suerit
1289 4269 1372 4325 nobis
1397 4271 1459 4325 sine

350 4363 491 4418 dilacione
503 4363 600 4416 mittas
612 4372 641 4416 et
653 4361 707 4415 hoc
719 4360 814 4415 breue.
852 4359 939 4413 Teste
951 4375 997 4412 me
1010 4357 1074 4429 ipso
1087 4357 1162 4428 apud
1176 4357 1369 4428 Claringdone
1381 4373 1458 4414 anno

349 4450 428 4520 regni
441 4449 529 4505 nostri
543 4447 625 4519 .xviij.
