3222 5086
163 548 293 642 ὣῖεὲξῑε

164 649 237 692 Lot-d.

168 1565 242 1606 Prior.

332 354 401 440 164
616 349 709 424 Care
735 349 783 446 os
807 350 954 423 Walter
976 350 1011 422 le
1036 349 1148 424 Lord
1309 347 1431 448 [soon

327 543 452 601 Odieme
471 555 574 600 terram
593 545 671 600 illam
689 545 779 602 tenuit
799 546 835 602 de
852 563 886 602 eo
903 565 954 618 per
970 546 1119 604 seruicium
1137 547 1264 603 militare.
1303 547 1340 601 Et
1358 545 1433 601 vnde

326 632 395 688 dicit
419 633 496 704 quod
521 632 664 704 predictus
688 634 816 688 Thomas
841 635 931 690 tenuit
953 635 988 691 de
1010 652 1044 690 eo
1065 635 1223 705 predictam
1243 635 1362 690 terram²
1383 651 1434 705 per

327 721 477 776 seruicium
494 720 622 788 militare,
637 721 743 777 scilicet
760 739 810 792 per
826 723 990 792 homagium
1006 731 1033 776 et
1046 723 1195 778 semicium
1208 723 1293 778 trium
1306 721 1433 778 denario-

327 828 398 878 rum,
412 810 449 865 ad
466 810 625 880 scutagium
637 811 695 866 ‚xl.
710 811 864 867 solidorum
882 811 997 883 quando
1009 811 1142 878 euenerit,
1156 821 1184 866 et
1197 812 1234 866 ad
1246 812 1308 883 plus
1321 812 1393 882 plus,
1405 819 1434 866 et

328 898 364 953 ad
386 898 480 954 minus
502 899 595 953 minus
606 918 615 966 ;
639 908 667 954 et
689 915 739 971 per
760 899 910 956 seruicium
932 899 1030 955 decem
1051 910 1080 955 et
1100 908 1164 955 octo
1185 901 1366 955 denariorum
1384 915 1435 970 per

328 1003 443 1056 annum,
456 997 485 1041 et
501 987 538 1042 de
554 986 656 1057 quibus
673 986 800 1057 seruicijs
817 987 893 1043 idem
906 988 1049 1044 Walterus
1066 987 1117 1042 tuit
1129 986 1244 1043 scisitus
1255 1004 1305 1058 per
1318 1004 1434 1042 manum

328 1074 447 1145 predicti
458 1075 569 1129 Thome
578 1085 609 1130 ut
619 1074 655 1130 de
664 1075 747 1130 feodo
757 1085 786 1131 et
795 1074 881 1147 jurei
917 1077 955 1132 Et
965 1075 1041 1131 idem
1054 1077 1182 1130 Thomas
1194 1075 1223 1130 in
1236 1075 1369 1146 homagio
1382 1091 1435 1130 suo

328 1163 408 1232 obijt,
424 1173 452 1218 et
470 1181 505 1219 ea
523 1163 637 1218 racione
656 1161 749 1236 [dicit]
766 1164 926 1220 custodiam
943 1165 1134 1236 predictorum
1154 1175 1380 1220 tenementorum
1397 1165 1434 1219 ad

328 1250 421 1322 ipsum
438 1251 585 1323 pertinere.
623 1253 706 1306 Vnde
723 1251 885 1323 dicitquod
903 1270 952 1322 per
969 1253 1023 1307 hoc
1035 1254 1112 1323 quod
1124 1252 1267 1324 predictus
1282 1251 1360 1306 Prior
1372 1269 1434 1323 pre·

329 1339 436 1395 dictam
448 1340 608 1396 custodiam
621 1341 646 1395 ei
657 1340 824 1396 deforciauit
836 1341 1023 1396 deterioratus
1035 1352 1079 1397 est
1092 1351 1120 1396 et
1131 1341 1288 1410 dampnum
1301 1340 1388 1395 habet
1397 1340 1436 1395 ad

328 1427 486 1482 valenciam
505 1444 552 1482 .c.
572 1427 736 1496 solidorum,
755 1437 783 1483 et
801 1428 868 1484 inde
886 1428 1016 1499 producit
1034 1437 1143 1485 sectam
1161 1439 1214 1484 etc.

167 1512 315 1557 P¹⁸⁸⁰5¹¹²⁰
383 1515 421 1570 Et
444 1515 524 1569 Prior
544 1515 622 1570 uenit
640 1525 669 1570 et
688 1515 815 1572 defendit
833 1516 892 1570 vim
910 1528 939 1571 et
956 1515 1087 1571 iniuriam
1106 1515 1220 1589 quando
1239 1525 1301 1581 etc,
1319 1525 1348 1570 et
1366 1513 1437 1569 dicit

328 1601 405 1671 quod
429 1602 491 1672 ipse
515 1611 592 1657 tenet
616 1602 774 1673 predictam
798 1602 990 1670 medietatem,
1013 1602 1092 1658 cuius
1114 1603 1273 1658 custodiam
1294 1602 1437 1674 predictus

329 1690 473 1745 Walterus
495 1690 573 1760 petit,
587 1699 617 1745 ut
639 1692 685 1762 jus
707 1693 826 1748 ecclesie
848 1709 905 1759 sue,
925 1693 999 1748 vnde
1021 1693 1091 1763 petit
1113 1693 1249 1762 judicium
1272 1691 1296 1746 si
1315 1691 1353 1746 de
1373 1691 1437 1762 jure

329 1777 449 1834 ecclesie
471 1795 521 1833 sue
543 1779 670 1848 predicto
689 1777 841 1852 W[altero]
861 1780 898 1835 ad
921 1782 1006 1836 breue
1028 1779 1105 1836 istud
1126 1781 1162 1835 de
1184 1779 1313 1835 custodia
1333 1778 1438 1834 debeat

330 1866 500 1935 respondere
518 1876 571 1922 etc.

384 1955 422 2010 Et
442 1955 583 2010 Walterus
603 1955 672 2010 dicit
691 1956 767 2027 quod
789 1956 931 2027 predictus
952 1957 1079 2013 Thomas
1101 1957 1190 2012 tenuit
1211 1956 1340 2026 predicta
1360 1965 1437 2010 tene·

330 2051 427 2098 menta
451 2043 487 2097 de
510 2059 545 2098 eo
570 2059 620 2114 per
644 2043 795 2100 seruicium
820 2044 949 2111 militare,
973 2053 1001 2100 et
1026 2044 1096 2115 obijt
1121 2044 1241 2114 seysitus
1267 2044 1303 2098 de
1328 2043 1437 2098 eisdem

233 2132 239 2144 '
330 2131 499 2186 tenementis
517 2132 545 2186 in
563 2132 696 2203 homagio
713 2143 740 2186 et
754 2133 873 2188 seruicio
887 2150 944 2188 suo.
984 2135 1021 2188 Et
1034 2134 1088 2188 hoc
1101 2141 1217 2204 paratus
1230 2141 1272 2186 est
1284 2131 1437 2198 verificare,

170 3025 301 3078 Reioinder

168 3075 245 3169 lii:

330 2221 402 2275 sicut
412 2219 490 2275 curia
500 2219 752 2293 consid[eraverit]‚
763 2232 791 2276 et
800 2240 835 2277 ea
845 2221 959 2278 racione
968 2223 1095 2293 predicta
1108 2222 1238 2277 custodia
1247 2221 1438 2292 predictorum

330 2319 554 2366 tenementorum
575 2310 613 2365 ad
635 2310 727 2382 ipsum
746 2311 885 2382 pertinere
903 2312 996 2368 debet.
1035 2313 1073 2366 Et
1091 2311 1234 2381 predictus
1254 2311 1333 2366 Prior
1350 2308 1439 2364 nichil

330 2397 399 2452 dicit
416 2399 492 2469 quod
509 2397 545 2452 sit
563 2399 734 2454 contrarium
751 2399 858 2454 racioni
871 2415 921 2454 sue
934 2417 983 2470 per
996 2417 1082 2471 quam
1095 2399 1156 2471 ipse
1168 2400 1268 2454 asserit
1281 2398 1439 2469 predictam

330 2485 489 2542 custodiam
507 2486 544 2540 ad
560 2487 653 2558 ipsum
669 2487 817 2557 pertinere,
831 2504 896 2542 cum
909 2487 986 2542 racio
1000 2485 1104 2541 Prioris
1118 2487 1154 2541 sit
1167 2486 1228 2552 hec,
1242 2487 1349 2541 scilicet
1361 2485 1440 2557 quod

330 2571 458 2644 predicta
474 2583 637 2629 tenementa
654 2591 729 2628 nunc
742 2584 807 2628 sunt
823 2573 870 2643 jus
882 2574 1001 2630 ecclesie
1015 2591 1072 2642 sue,
1085 2584 1114 2629 et
1126 2574 1203 2629 racio
1216 2573 1305 2645 ipsius
1318 2573 1439 2628 Walteri

330 2660 366 2716 sit
391 2662 467 2732 quod
488 2661 631 2732 predictus
653 2662 789 2729 Thomas,
814 2661 860 2715 die
881 2679 938 2733 quo
959 2663 1010 2717 tuit
1032 2661 1114 2716 uiuus
1136 2671 1164 2716 et
1189 2671 1325 2726 mortuus,
1347 2660 1439 2715 tenuit

330 2749 457 2820 predicta
476 2758 638 2804 tenementa
657 2749 692 2804 de
711 2766 746 2804 eo
764 2765 815 2819 per
833 2749 983 2804 seruicium
1001 2747 1129 2803 militare.
1169 2749 1290 2802 Possunt
1309 2746 1394 2801 simul
1411 2755 1439 2800 et

330 2837 419 2892 semel
431 2853 495 2892 esse
507 2854 580 2892 uere.
612 2836 685 2892 Petit
695 2836 833 2907 judicium
847 2837 882 2890 de
896 2837 957 2907 ipso
972 2836 1067 2890 Priore
1080 2847 1226 2906 tamquam
1236 2835 1272 2890 de
1282 2833 1439 2902 indefenso,

330 2941 396 2979 cum
409 2925 494 2979 nichil
508 2924 680 2979 contrarium
694 2925 787 2980 breuis
799 2937 828 2980 et
841 2925 1015 2980 narracionis
1028 2941 1079 2979 sue
1091 2925 1195 2994 allegat
1208 2934 1260 2979 etc.

384 3014 422 3066 Et
436 3013 516 3068 Prior
528 3013 599 3067 sicut
612 3014 689 3084 prius
702 3013 770 3068 dicit
783 3013 859 3085 quod
872 3012 998 3084 predicta
1011 3021 1173 3067 tenementa
1186 3021 1251 3066 sunt
1260 3011 1307 3079 jus
1320 3010 1441 3067 ecclesie

332 3117 389 3155 sue.
428 3101 506 3155 Dicit
523 3101 613 3155 eciam
631 3101 707 3172 quod
724 3101 866 3171 predictus
883 3101 1018 3167 Thomas,
1036 3116 1120 3170 quern
1139 3100 1282 3169 predictus
1298 3099 1441 3154 Walterus

332 3187 400 3242 dicit
421 3189 547 3259 predicte
566 3199 728 3244 tenementa
746 3188 868 3244 tenuisse
887 3188 923 3243 de
941 3205 975 3243 eo
993 3189 1039 3242 die
1057 3204 1114 3257 quo
1133 3186 1202 3242 obiit
1221 3205 1271 3258 per
1289 3185 1440 3241 seruicium

332 3273 460 3340 militare,
474 3273 525 3328 tuit
537 3274 658 3329 villanus
675 3291 750 3342 suus,
764 3283 792 3328 et
804 3284 966 3330 tenementa
978 3273 1027 3328 illa
1039 3275 1076 3329 de
1088 3289 1123 3329 eo
1136 3272 1224 3327 tenuit
1238 3273 1266 3326 in
1279 3271 1440 3342 villanagio,

331 3372 360 3417 et
383 3363 460 3433 quod
484 3363 600 3433 quidam
623 3363 783 3433 Johannes³
808 3363 880 3418 filius
906 3363 1026 3434 predicti
1050 3365 1162 3418 Thome
1188 3379 1272 3434 quem
1298 3360 1442 3432 predictus

331 3451 475 3505 Walterus
499 3450 567 3506 dicit
592 3467 655 3505 esse
684 3451 817 3506 heredem
844 3450 970 3506 eiusdem
995 3451 1107 3506 Thome
1131 3460 1160 3506 et
1185 3451 1298 3506 racione
1323 3451 1441 3505 minoris

332 3539 460 3593 eiusdem
475 3539 560 3593 etatis
576 3539 732 3608 predictam
750 3539 910 3595 custodiam
926 3539 964 3593 ad
983 3539 1075 3609 ipsum
1095 3537 1243 3609 pertinere,
1260 3547 1303 3592 est
1320 3538 1442 3592 villanus

332 3642 407 3681 suus.
446 3627 483 3680 Et
504 3627 559 3681 hoc
581 3636 696 3696 paratus
720 3636 764 3681 est
785 3625 929 3682 verificare
949 3636 1005 3681 etc.
1027 3624 1113 3680 sicut⁴
1134 3624 1276 3696 predictus
1298 3625 1442 3680 walterus

332 3713 400 3769 illud
418 3713 568 3769 admittere
581 3714 678 3784 possit.
716 3715 799 3769 Vnde
818 3731 883 3773 cunt
901 3713 1045 3784 predictus
1063 3714 1190 3768 Thomas
1207 3711 1297 3766 tenuit
1313 3710 1442 3782 predicta

332 3811 494 3856 tenementa
511 3801 546 3856 de
564 3817 598 3856 eo
614 3801 644 3854 in
656 3801 816 3870 villanagio‚
835 3809 863 3855 et
882 3799 1063 3869 villanagium
1076 3799 1152 3870 quod
1165 3799 1286 3853 villanus
1303 3809 1380 3854 tenet
1395 3807 1442 3854 est

330 3889 377 3959 jus
395 3887 503 3942 domini
521 3887 573 3956 sui,
592 3899 620 3942 et
637 3887 678 3942 sic
694 3885 822 3957 predicta
837 3896 1001 3942 tenementa
1018 3897 1083 3941 sunt
1099 3886 1145 3955 jus
1162 3885 1281 3940 ecclesie
1298 3901 1356 3952 sue,
1370 3885 1442 3955 petit

330 3974 468 4044 judicium
485 3975 509 4029 si
521 3975 625 4030 debeat
642 3973 668 4028 ei
685 3975 722 4029 de
738 3973 872 4045 predictis
890 3974 1059 4030 tenementis
1071 3973 1146 4028 vnde
1162 3983 1206 4029 est
1225 3973 1345 4042 seysitus
1358 3982 1387 4027 vt
1405 3974 1442 4027 de

330 4064 394 4135 jure
412 4063 532 4119 ecclesie
551 4079 600 4118 sue
622 4063 659 4117 ad
679 4063 764 4118 breue
782 4079 866 4118 suum
888 4063 923 4116 de
945 4062 1076 4118 custodia
1097 4061 1269 4132 respondere
1292 4077 1342 4132 per
1363 4061 1441 4133 quod

479 4238 489 4271 ¹
506 4239 619 4305 predicta
629 4247 703 4301 terra,
718 4241 775 4292 MS.
812 4239 868 4290 The
879 4241 928 4291 roll
939 4240 1012 4291 reads
1023 4239 1136 4306 predicta
1147 4245 1299 4290 tenementa.

479 4321 491 4355 ¹
506 4339 576 4389 pure,
591 4324 648 4374 MS.

478 4405 489 4438 ¹
505 4409 568 4460 This
578 4423 653 4459 name
664 4423 750 4459 occurs
761 4407 787 4458 in
799 4407 841 4459 the
853 4407 909 4458 roll.
1106 4402 1117 4435 ⁴
1133 4403 1244 4464 si...hoc,
1260 4403 1317 4454 MS.
