3222 5086
178 373 239 472 111]
391 373 562 448 endowoo'
583 375 626 472 by
661 373 830 447 Willzom
855 373 900 445 de
932 373 969 445 T
964 372 1059 446 loono
1214 393 1280 465 153

176 570 205 616 et
218 560 418 628 Bartholomei‚
430 569 457 614 et
469 577 525 631 que
536 569 601 630 post
614 569 734 614 mortem
747 559 837 630 ipsius
851 558 972 613 isabelle
982 559 1020 612 ad
1030 557 1107 628 ipsos
1119 558 1284 612 Gonnoram

177 660 206 704 et
219 650 451 705 bartholomeum
464 648 564 703 reuerti
578 648 722 716 deberent,
732 657 796 718 post
809 657 928 702 mortem
942 647 1030 717 ipsius
1046 647 1165 702 ls‘abelle
1177 647 1285 715 integre

176 745 341 792 remaneant
354 736 481 806 predicto
496 733 583 788 Priori
594 743 622 789 et
635 734 844 789 successoribus
855 735 913 788 suis
926 744 953 788 et
967 733 1086 788 ecclesie
1099 750 1149 788 sue
1159 733 1285 803 predicte

177 826 325 881 habendas
342 835 370 880 et
387 824 526 879 tenendas
544 822 672 894 predicto
686 823 773 877 Priori
787 832 815 877 et
828 823 1038 878 successoribus
1055 823 1114 876 suis
1127 831 1154 876 et
1167 823 1285 877 ecclesie

177 930 228 967 sue
246 913 371 983 predicte
389 913 426 966 de
444 912 613 982 capitalibus
632 911 756 966 dominis
776 911 851 966 feodi
873 909 946 966 illius
959 927 1009 980 per
1031 910 1150 966 seruicia
1172 927 1227 981 que
1248 911 1286 966 ad

177 1003 278 1057 eadem
291 1010 454 1056 tenementa
466 1000 607 1072 pertinent
621 1001 818 1072 inperpetuum
830 1009 882 1054 etc.

429 1253 480 1319 73.
525 1239 578 1301 De
597 1238 668 1302 doto
689 1237 821 1302 Isabelle
842 1236 882 1300 de
908 1235 1025 1300 Thone.

233 1389 270 1442 Et
292 1399 456 1458 preceptum
477 1398 522 1443 est
540 1386 700 1443 vicecomiti
722 1387 799 1458 quod
820 1387 917 1442 uenire
937 1386 1023 1440 iaciat
1044 1386 1090 1439 hic
1110 1386 1155 1441 die
1175 1386 1286 1441 sabbati
1300 1393 1401 1436 Attorn·

179 1475 306 1544 proxima
318 1487 382 1546 post
399 1487 515 1531 octauas
533 1475 623 1530 sancti
640 1475 777 1543 Johannis
793 1474 916 1544 baptiste
932 1475 1075 1544 predictos
1087 1475 1247 1544 Johannem
1259 1485 1286 1529 et
1300 1443 1449 1537 {ambe

181 1563 334 1618 isabellam
346 1564 382 1617 ad
397 1563 656 1634 recognoscendum
669 1573 720 1618 etc.
759 1562 804 1616 Ad
822 1578 906 1632 quem
923 1561 998 1615 diem
1015 1571 1151 1618 uenerunt
1169 1562 1287 1633 predicti

178 1649 324 1719 Johannes
337 1660 365 1704 et
381 1649 502 1703 lsabella
515 1659 542 1703 et
555 1649 651 1702 dicunt
664 1649 742 1718 quod
750 1646 808 1717 ipsi
819 1645 906 1700 nichil
916 1647 1041 1701 clamant
1054 1647 1082 1700 in
1095 1647 1229 1716 predictis
1239 1664 1288 1702 sex

178 1737 252 1791 acris
274 1747 347 1792 terre
367 1737 421 1791 nisi
444 1737 559 1791 nomine
578 1737 653 1790 dotis
674 1736 763 1806 ipsius
785 1736 904 1789 isabelle
922 1745 950 1789 et
969 1752 1088 1805 quarum
1107 1735 1232 1790 reuersio
1250 1737 1287 1791 ad

180 1824 272 1896 ipsum
296 1825 421 1880 Priorem
443 1837 471 1880 et
493 1840 671 1879 successores
693 1840 760 1878 suos
781 1825 902 1894 pertinet
926 1832 991 1893 post
1016 1833 1136 1878 mortem
1160 1825 1287 1894 predicte

181 1915 310 1982 lsabelle‚
329 1925 357 1969 et
376 1932 445 1984 quas
465 1931 513 1968 sex
532 1930 613 1968 acras
632 1914 707 1967 idem
727 1911 805 1966 Prior
822 1913 892 1966 alias
908 1913 1030 1968 reddidit
1047 1912 1100 1983 ipsi
1121 1914 1240 1969 lsabelle
1257 1927 1287 1969 ut

179 2003 276 2057 dotem
301 2019 381 2056 suam
405 2011 458 2056 etc.
496 2003 533 2055 Et
559 2001 705 2055 sciendum
730 2000 806 2070 quod
831 1999 917 2054 iidem
941 2001 1086 2070 Johannes
1110 2013 1138 2055 et
1166 2003 1288 2057 lsabella

180 2092 307 2160 predicto
328 2091 416 2145 Priori
435 2090 600 2144 fidelitatem
619 2089 744 2145 iecerunt
762 2088 808 2143 bic
828 2089 857 2143 in
877 2088 963 2142 Curia
981 2088 1045 2143 etc.¹

202 2343 252 2408 74
297 2327 349 2392 De
369 2349 425 2391 sex
445 2329 565 2392 marcis
586 2327 675 2392 datis
696 2328 777 2392 dicte
803 2327 950 2392 Gonnore
963 2340 1026 2412 pro
1049 2331 1265 2412 recognitione.

248 2482 504 2546 Memorandum
535 2483 625 2564 quod
659 2482 750 2544 Prior
787 2480 881 2545 dedit
918 2481 1026 2546 eidem
1059 2483 1216 2548 Gonnore
1254 2494 1288 2548 et
1300 2490 1368 2595 {1⁰53
1377 2552 1419 2593 ω

182 2586 420 2650 Bartholomeo
442 2609 503 2650 sex
528 2608 656 2651 marcas
677 2587 909 2669 sterlingorum
933 2589 965 2650 in
987 2587 1094 2652 forma
1114 2591 1226 2672 pacis;
1253 2599 1286 2654 et
1300 2604 1442 2696 5233?

181 2693 229 2754 sic
251 2693 363 2755 denuo
385 2691 535 2756 fecerunt
558 2694 823 2774 recognicionem
851 2712 963 2756 eoram
987 2692 1179 2775 justiciarijs
1202 2696 1440 2796 Sicutssfflss'·

182 2798 368 2879 predictum
385 2809 443 2860 est.
490 2797 754 2880 Verumptamen
774 2797 865 2860 Prior
881 2797 979 2860 ualde
999 2801 1180 2881 prudenter
1198 2802 1287 2882 cogi·
1300 2804 1442 2897 gffiflom

183 2901 277 2966 tabat
307 2904 396 2984 quod
429 2913 558 2966 tantam
590 2904 765 2986 pecuniam
796 2902 925 2966 soluere
956 2922 1022 2965 non
1050 2902 1204 2982 debebat,
1231 2905 1429 2998 ubigfnfhw·

183 3006 309 3069 nullum
326 3005 591 3069 emolumentum
609 3005 798 3087 recipiebat,
813 3015 848 3069 et
864 3005 940 3069 ideo
955 3006 1081 3069 dictum
1097 3007 1286 3088 Johannem

182 3109 225 3172 de
241 3107 402 3173 Grettone
418 3109 627 3192 capellanum
647 3110 830 3184 accersiuit,
845 3119 879 3172 et
901 3117 937 3171 ut
952 3108 1059 3172 dictas
1080 3131 1142 3174 sex
1160 3132 1287 3175 marcas

182 3214 386 3295 acquietaret
412 3213 595 3276 admonuit.
639 3212 807 3294 Alioquin,
835 3213 951 3294 inquit,
977 3222 1078 3276 totam
1104 3225 1227 3278 terram
1252 3217 1287 3280 in

183 3337 284 3380 manu
306 3326 418 3380 nostra
440 3317 564 3399 capiam
584 3337 746 3400 quousque
763 3316 811 3379 ad
830 3317 1007 3380 oalenciam
1027 3339 1083 3380 sex
1102 3340 1288 3384 marcorum

183 3422 258 3486 inde
281 3433 422 3504 recepero.
469 3421 565 3484 Tunc
586 3421 721 3503 quidem
743 3421 910 3503 predictus
931 3422 1122 3505 capellanus
1138 3427 1288 3490 terminis

183 3526 317 3590 statutis
340 3527 505 3608 predictas
528 3547 589 3589 sex
613 3547 741 3590 marcas
764 3527 952 3609 acquietare
973 3530 1172 3612 manucepit‚
1191 3541 1225 3595 et
1245 3534 1287 3596 de

183 3649 346 3693 consensu
371 3630 490 3693 Prioris
513 3651 572 3713 per
593 3639 659 3693 tres
681 3649 787 3692 annos
808 3651 828 3692 a
848 3628 1076 3694 celebracione
1095 3653 1156 3714 pro
1177 3636 1289 3700 anima

184 3732 264 3797 dicti
286 3731 433 3797 defuncti
454 3734 606 3810 cessauit,
626 3743 661 3795 et
681 3731 815 3796 aliunde
835 3734 1010 3798 seruicium
1032 3735 1103 3812 sibi,
1119 3757 1179 3819 per
1198 3739 1287 3820 quod

185 3837 296 3900 medio
308 3848 460 3920 tempore
469 3846 582 3919 posset
593 3837 780 3912 sustentari,
790 3837 977 3920 adquisiuit.
1017 3839 1062 3903 Et
1075 3840 1117 3904 de
1129 3842 1289 3907 fructibus

184 3963 228 4006 ex
257 3943 328 4024 ipsa
354 3951 441 4006 terra
468 3941 740 4024 prouenientibus
766 3942 938 4024 peridem
966 3953 1099 4027 tempus
1124 3948 1290 4028 predictas

184 4067 245 4110 sex
269 4067 397 4110 marcas
420 4047 633 4130 acquietauit.

234 4205 348 4258 ¹Assize
366 4207 433 4268 Roll,
448 4205 497 4256 No.
517 4207 556 4268 86,
575 4207 680 4256 membr.
698 4205 722 4262 6,
735 4207 812 4255 dorso.
847 4205 903 4255 The
918 4209 1050 4272 transcript
1066 4208 1092 4258 in
1109 4225 1154 4259 our
1170 4211 1227 4262 MS.
1245 4212 1291 4262 has

186 4286 250 4334 bceu
265 4284 374 4334 collated
389 4285 450 4334 with
465 4285 507 4334 the
524 4285 591 4344 Roll,
606 4285 655 4332 and
672 4283 800 4333 corrected
816 4283 842 4332 in
853 4299 869 4333 a
880 4283 927 4333 few
939 4285 1031 4348 places.
1066 4287 1098 4334 ln
1113 4288 1130 4336 1.
1143 4304 1157 4352 3
1173 4289 1216 4338 the
1233 4291 1291 4340 Roll

187 4367 259 4416 reads
275 4366 403 4416 Luderene
418 4367 451 4415 de
468 4366 583 4424 Graueci‚
601 4366 652 4415 aod
669 4366 694 4414 in
713 4363 772 4413 Roll
790 4367 830 4427 87,
848 4366 953 4415 membr.
974 4383 1012 4424 rr,
1026 4367 1060 4428 d..
1075 4367 1119 4418 tlte
1134 4371 1216 4420 words
1233 4387 1291 4422 ore:

188 4449 213 4498 la
224 4449 325 4512 Dreyne
336 4448 368 4498 de
380 4447 470 4498 Granti
481 4463 510 4496 or
520 4447 622 4497 Granci.
