3188 5078
351 373 423 465 308
658 371 697 444 T
690 380 820 446 errants
847 371 887 445 in
913 371 1135 471 Madingley
1339 369 1453 470 [poor

349 576 450 622 vnum
481 555 630 622 clausum
661 578 737 622 cum
768 567 854 622 terra
883 559 1065 635 adiacente,
1087 567 1121 623 et
1151 558 1261 622 reddit
1292 557 1372 621 inde
1400 576 1455 639 per

348 681 473 726 annum
498 661 550 744 .iij.
573 663 705 728 solidos.

416 767 578 832 Ricardus
594 767 681 832 filius
704 769 859 852 Hugonis
879 778 972 834 tenet
992 769 1073 851 .xiij.
1089 790 1182 833 acras
1197 779 1284 835 terre
1299 789 1377 832 curn
1393 788 1455 832 vno

349 873 530 955 mesuagio,
552 883 586 936 et
616 872 725 938 reddit
748 873 826 938 inde
848 894 907 958 per
936 893 1060 938 annum
1092 875 1143 957 .vj.
1168 873 1302 948 solidos,
1326 873 1378 954 .vj.
1403 873 1455 934 de-

349 975 467 1052 narios,
489 987 523 1040 et
545 976 631 1042 duos
653 997 799 1062 capones
821 979 864 1042 ad
890 977 1018 1042 Natale

413 1081 558 1164 Jacobus
584 1082 671 1148 tilius
697 1083 824 1146 Warini
849 1081 943 1149 Geue
973 1091 1065 1147 tenet
1088 1083 1168 1166 .xiij.
1192 1103 1285 1146 acras
1313 1093 1401 1146 terre
1425 1090 1456 1144 et

348 1206 451 1250 vnum
467 1186 625 1265 clausurn,
641 1196 675 1252 et
696 1187 804 1253 reddit
825 1187 903 1252 inde
923 1208 982 1272 per
1001 1207 1126 1252 annum
1144 1188 1216 1270 .viiJ‘.
1234 1187 1371 1262 solidos,
1386 1185 1456 1267 .viij.

348 1289 510 1366 denarios,
525 1299 560 1354 et
574 1291 659 1356 duos
675 1310 820 1375 capones
834 1291 878 1356 ad
896 1290 1024 1357 Natale.

416 1392 521 1478 Hugo
544 1394 705 1460 Wilemot
727 1405 819 1461 tenet
841 1395 905 1479 .iiij.
928 1416 1021 1460 acras
1043 1405 1129 1461 terre
1150 1406 1186 1460 et
1213 1395 1403 1472 dimidiam,
1425 1404 1456 1459 et

348 1519 449 1564 vnam
473 1501 589 1564 rodam
612 1519 689 1564 cum
713 1503 894 1586 mesuagio,
911 1513 945 1566 et
967 1502 1077 1568 reddit
1099 1523 1159 1587 per
1180 1521 1306 1566 annum
1330 1499 1457 1583 xxviij.

349 1603 511 1683 denarios,
534 1603 679 1683 obolum,
702 1615 736 1671 et
757 1607 843 1670 duos
866 1626 1010 1690 capones
1032 1608 1075 1671 ad
1099 1605 1229 1671 Natale

231 1714 250 1768 s·
266 1715 336 1778 ¹⁷²¹>
413 1709 584 1792 Johannes
600 1709 801 1794 Capelianus
817 1709 903 1775 filius
921 1711 1054 1776 Ricardi
1070 1712 1113 1776 de
1129 1709 1352 1794 Sneylewelle
1366 1717 1456 1775 tenet

348 1835 391 1878 .x.
407 1833 500 1878 acras
516 1823 609 1890 terre,
626 1823 659 1879 et
676 1815 785 1879 reddit
800 1815 878 1878 inde
893 1835 951 1898 per
966 1835 1091 1880 annum
1107 1835 1144 1880 .ν.
1161 1813 1294 1878 solidos.

414 1917 584 2000 Johannes
599 1919 642 1982 de
663 1919 874 2001 Kingestone
894 1928 987 1984 tenet
1002 1939 1105 1984 vnum
1121 1918 1282 1996 clausum,
1296 1928 1333 1982 et
1348 1917 1457 1982 reddit

349 2021 427 2086 inde
442 2043 501 2106 per
515 2043 641 2087 annum
657 2032 800 2106 quatuor
814 2023 946 2088 solidos.

416 2125 583 2190 Henricus
606 2125 832 2210 Groungeuile
858 2136 950 2191 tenet
975 2147 1077 2190 vnum
1105 2125 1264 2203 clausum,
1287 2136 1322 2191 et
1349 2127 1456 2191 reddit

349 2230 427 2294 inde
449 2251 509 2314 per
529 2251 654 2294 annum
678 2238 821 2314 quatuor
843 2231 976 2296 solidos.

414 2336 579 2402 Cristiana
594 2335 662 2399 filia
685 2335 808 2418 Rogeri
830 2335 943 2400 Erlich
965 2345 1058 2401 tenet
1073 2337 1189 2401 decem
1205 2357 1298 2400 acras
1312 2346 1410 2413 terre,
1424 2347 1456 2400 et

349 2441 458 2507 reddit
473 2443 550 2506 inde
566 2463 624 2525 per
638 2461 764 2506 annum
781 2440 842 2524 .vij.
858 2441 991 2505 solidos.

416 2549 567 2631 Rogerus
592 2549 808 2632 Blauncpayn
831 2556 924 2611 tenet
946 2547 1025 2630 .xiij.
1048 2567 1141 2610 acras
1164 2555 1258 2622 terre,
1282 2557 1316 2610 et
1348 2549 1456 2612 reddit

349 2653 427 2718 inde
449 2674 507 2736 per
529 2673 654 2717 annum
677 2653 852 2718 dimidiam
876 2671 1031 2715 marcam.

415 2757 580 2822 Henricus
593 2755 793 2842 Capelianus
806 2765 899 2819 tenet
910 2755 988 2838 .xiij.
1001 2775 1094 2819 acras
1106 2765 1192 2820 terre
1203 2765 1237 2820 et
1252 2756 1364 2820 reddit
1380 2755 1456 2820 inde

349 2883 407 2946 per
422 2882 547 2925 annum
563 2861 613 2944 .vj.
629 2861 763 2936 solid0S,
779 2860 829 2942 .vj.
845 2859 1007 2936 denarios,
1023 2861 1252 2942 quadrantem.

415 2965 581 3030 Henricus
603 2963 784 3030 Blosseuile
807 2973 898 3028 tenet
920 2961 1037 3027 decern
1060 2983 1154 3026 acras
1176 2972 1270 3039 terre,
1290 2973 1324 3028 et
1348 2964 1455 3028 reddit

349 3070 427 3134 inde
448 3090 508 3152 per
529 3089 654 3134 annum
680 3091 717 3133 .v.
740 3067 874 3132 solidos.

415 3175 531 3238 Petrus
557 3173 600 3236 de
624 3172 655 3236 le
679 3173 786 3236 scrine
811 3179 903 3235 tenet
927 3169 978 3252 .vj.
1005 3190 1098 3233 acras
1122 3180 1208 3235 terre
1231 3171 1275 3236 de
1301 3171 1402 3238 feodo
1427 3173 1455 3236 le

349 3277 525 3360 Franceys,
535 3286 570 3342 et
583 3277 690 3341 reddit
706 3277 784 3341 inde
799 3295 859 3359 per
872 3295 997 3340 annum
1008 3275 1061 3359 .iij.
1071 3276 1197 3340 solidos
1212 3285 1245 3341 et
1257 3275 1300 3360 .ij.
1311 3297 1454 3362 capones

348 3378 391 3446 ad
409 3378 539 3445 Natale.

416 3483 582 3551 Henricus
612 3484 806 3568 capellanus
836 3493 929 3548 tenet
954 3483 1129 3549 dimidiam
1155 3504 1266 3550 acram
1298 3494 1385 3550 terre
1414 3489 1457 3552 de

349 3591 468 3655 eodem
500 3589 606 3667 feodo,
636 3598 671 3654 et
706 3589 816 3654 reddit
851 3589 929 3654 inde
963 3610 1023 3674 per
1058 3610 1184 3656 annum
1219 3590 1272 3674 .iij.
1302 3592 1457 3657 denarios

348 3693 494 3760 obolum.
856 3752 857 3755 ,

414 3796 602 3862 Willelmus
622 3798 654 3861 le
675 3797 863 3880 Plowrythe
882 3807 975 3862 tenet
991 3798 1166 3864 dimidiam
1187 3819 1298 3865 acram
1314 3810 1401 3868 terre
1416 3802 1459 3867 de

348 3903 468 3968 eodem
504 3901 611 3979 feodo,
641 3911 675 3966 et
710 3901 819 3966 reddit
855 3902 933 3966 inde
969 3922 1028 3986 per
1061 3923 1186 3968 annum
1218 3904 1273 3970 .ix.
1302 3905 1459 3971 denarios

347 4006 493 4074 obolum.

415 4113 567 4195 Rogerus
598 4110 782 4175 Vendhout
812 4119 904 4174 tenet
939 4129 1039 4175 vnam
1070 4113 1187 4176 rodam
1217 4120 1251 4176 et
1281 4111 1458 4179 dimidiam

349 4227 434 4282 terre
447 4217 491 4281 de
506 4213 624 4279 eodem
641 4215 749 4292 leode,
764 4225 798 4278 et
814 4215 923 4279 reddit
939 4215 1018 4280 inde
1033 4237 1092 4300 per
1107 4237 1231 4280 annum
1249 4216 1289 4299 .ij.
1303 4217 1459 4282 denarios

349 4322 493 4386 obolum.

415 4425 597 4490 Nicholaus
621 4424 823 4488 Alisaundre
845 4433 937 4489 tenet
960 4445 1059 4490 vnam
1083 4424 1200 4489 rodam
1223 4435 1257 4489 et
1279 4425 1457 4494 dimidiam
