3192 5102
354 389 426 464 254
675 363 870 442 Hundred
891 365 941 463 of
957 365 1139 465 Chilsord
1339 363 1463 467 [soon

350 555 555 620 vicecomitis
578 553 676 637 .xij.d.
703 575 761 638 per
783 575 917 630 annum,
940 565 974 619 et
997 555 1042 620 ibi
1066 563 1144 620 svnt
1166 555 1219 619 iii.
1240 553 1320 620 hide
1345 555 1463 638 gelda-

351 659 442 724 biies.
488 659 523 724 B.

256 771 337 834 s.148
417 762 562 828 ibidem¹
578 773 630 829 est
651 763 792 829 dimidia
807 763 935 847 virgata
956 774 1042 830 terre
1062 785 1129 848 que
1149 765 1211 831 suit
1235 764 1378 831 Gaiiridi
1402 765 1462 829 filii

353 868 487 932 Ricardi
503 875 620 952 quam¹
634 870 741 933 tenuit
756 871 799 933 de
814 868 941 934 honore
956 870 999 934 de
1014 869 1114 935 Clare
1128 891 1188 953 per
1202 871 1378 935 seruicium
1395 869 1463 953 iiij.

351 971 456 1055 partis
479 970 566 1036 feodi
586 973 614 1036 .i.
631 972 752 1036 militis.
801 972 895 1036 idem
912 972 1083 1038 Gaiiridus
1098 973 1200 1038 debet
1214 983 1341 1037 sectam
1361 983 1398 1036 et
1418 973 1461 1036 de

352 1077 479 1142 auxilio
494 1077 698 1142 vicecomitis
713 1076 787 1142 .x.d.
803 1098 862 1162 per
877 1098 1012 1142 annum.
1058 1078 1144 1145 clar.

419 1183 550 1248 Ibidem
580 1183 624 1248 de
651 1183 756 1247 feodis
785 1185 828 1248 de
860 1183 1085 1268 Bokes[wrth]
1116 1193 1151 1250 et
1181 1184 1225 1248 de
1257 1183 1395 1248 Kneuih
1425 1193 1461 1246 et

353 1286 512 1350 Wiiieimi
538 1285 709 1352 Barbedor
734 1285 858 1352 debent
885 1286 926 1370 ij.
953 1298 1070 1365 sectas,
1093 1298 1128 1352 et
1151 1287 1195 1351 de
1218 1288 1348 1351 auxilio
1372 1287 1460 1352 vice·

352 1390 484 1454 comitis
507 1390 628 1454 ,xiiiiai

418 1493 582 1560 Berclawe
601 1493 784 1577 [Bartiow].
815 1493 1012 1580 ¹Mauricius
1028 1494 1071 1557 de
1091 1494 1209 1558 eadem
1235 1503 1270 1557 et
1292 1493 1460 1558 Raduiius

353 1601 395 1665 de
409 1600 542 1664 Essond
558 1608 674 1664 tenent
690 1599 824 1664 feodum
837 1599 865 1663 .i.
879 1599 994 1664 militis
1009 1620 1085 1664 cum
1100 1599 1230 1664 Norton
1247 1601 1280 1662 in
1296 1599 1459 1664 comitatu

355 1705 513 1789 E[sse]xe
535 1704 578 1768 de
605 1703 739 1768 Comite
762 1702 899 1768 Oxonie
926 1703 968 1766 de
991 1703 1116 1766 honore
1140 1702 1401 1788 [Richmondie]‚
1427 1715 1461 1768 et

352 1810 469 1874 hidata
493 1820 544 1873 est
569 1811 602 1872 in
628 1809 755 1890 Magna
777 1809 932 1892 Campes.
980 1808 1110 1872 ibidem
1136 1809 1309 1872 Hubertus
1333 1809 1461 1872 Pouere

353 1924 446 1980 tenet
461 1914 636 1978 dimidiam
653 1913 777 1997 hydam
795 1913 997 1996 geldabiiem
1013 1915 1056 1977 de
1072 1913 1197 1977 honore
1212 1915 1256 1978 de
1273 1913 1419 1977 LameIe.

418 2018 576 2084 Berclram
614 2018 771 2102 [Barham
806 2019 839 2081 in
871 2017 974 2082 Great
1005 2017 1152 2102 Linton}
1204 2019 1386 2082 Nichoiaus
1417 2018 1460 2082 de

354 2123 495 2190 Forneii'
519 2133 611 2190 tenet
634 2123 732 2186 seoda
757 2122 811 2204 iij.
833 2121 977 2187 militum
1000 2123 1044 2187 de
1064 2122 1190 2187 honore
1214 2124 1463 2214 Richmondiei

353 2251 420 2295 non
435 2229 537 2294 debet
557 2239 683 2294 sectam
699 2247 809 2312 neque
823 2228 997 2306 auxilium,
1011 2238 1045 2294 et
1061 2239 1139 2293 sunt
1155 2229 1199 2293 ibi
1215 2229 1282 2312 iiij.
1297 2229 1375 2294 hide
1390 2249 1459 2294 non

353 2334 545 2418 geldabiles.

417 2439 540 2504 Lintori
556 2439 673 2523 [Great
687 2437 835 2521 Linton1.
870 2437 1058 2503 Wilieimus
1073 2439 1117 2503 de
1133 2439 1202 2523 Sey
1213 2447 1307 2503 tenet
1321 2437 1457 2503 feodum

353 2544 381 2626 .j.
395 2543 510 2608 militis
525 2543 569 2607 de
584 2544 709 2607 honore
727 2541 959 2618 Richmondie,
968 2553 1003 2606 et
1018 2563 1085 2605 non
1098 2543 1199 2606 debet
1211 2551 1338 2606 sectam
1351 2563 1460 2625 neque

353 2649 516 2712 auxilium
533 2649 747 2712 vicecomitis,

419 2752 535 2814 Fama
550 2751 672 2815 Lzhtoaet
693 2750 813 2834 [Littie
830 2750 979 2834 Linton].
1025 2751 1223 2815 Alexander
1240 2751 1284 2815 de
1303 2751 1459 2816 Scaiariis

353 2867 387 2920 et
404 2856 535 2920 Alanus
557 2855 600 2919 de
623 2855 773 2936 Monney
793 2863 909 2919 tenent
930 2854 1065 2919 feodum
1087 2857 1114 2920 .i.
1134 2856 1249 2919 militis
1268 2857 1311 2920 de
1334 2857 1460 2922 honore

355 2960 584 3024 Richmondie,
647 2959 777 3022 ibidem
807 2958 932 3022 debent
963 2960 990 3021 .i.
1021 2969 1159 3034 sectam,
1188 2969 1222 3024 et
1253 2960 1297 3024 de
1331 2961 1460 3026 auxilio

353 3066 558 3130 vicecomitis
580 3063 645 3145 ijs.
669 3083 728 3146 per
749 3083 884 3140 annum,
905 3073 940 3128 et
963 3073 1041 3128 sunt
1062 3064 1188 3128 ibidem
1210 3067 1249 3129 ,ii
1273 3065 1352 3130 hide
1374 3077 1460 3132 terre

353 3167 536 3252 geldabiles
551 3177 585 3230 et
600 3167 747 3231 dimidia.

418 3271 684 3337 Hidiricbeslram
707 3271 964 3356 [Hildersham].
1010 3273 1183 3357 Philippus
1207 3274 1236 3338 ie
1264 3275 1404 3358 Daneys
1426 3285 1460 3340 et
1568 3339 1573 3346 .

354 3378 541 3443 Willeimus
572 3377 602 3441 le
634 3377 703 3441 Ros
733 3386 848 3441 tenent
879 3377 1013 3442 feodum
1044 3378 1074 3460 .j.
1104 3379 1220 3442 militis
1253 3381 1297 3443 de
1327 3379 1461 3446 Comite

354 3482 491 3547 Oxonie
505 3491 539 3546 et
563 3501 628 3545 non
644 3481 769 3545 debent
790 3491 916 3546 sectam
937 3502 1046 3566 neque
1067 3482 1231 3548 auxilium
1247 3483 1461 3563 vicecomitis

354 3597 388 3651 et
404 3596 481 3651 sunt
497 3586 542 3650 ibi
559 3607 595 3651 .v.
612 3585 690 3650 hide
706 3606 773 3650 non
789 3586 982 3670 geldabiies

419 3691 565 3756 Abintort
590 3689 706 3775 [Great
729 3689 930 3774 Abington}
975 3690 1098 3756 Comes
1122 3689 1259 3756 Oxonie
1280 3702 1375 3758 tenet
1399 3694 1460 3776 .vij.

354 3797 451 3860 hidas
471 3805 557 3860 terre
580 3815 646 3858 non
668 3796 851 3878 geldabiies
870 3805 904 3860 et
920 3796 1021 3860 debet
1042 3797 1086 3860 de
1108 3797 1236 3860 auxilio
1257 3797 1462 3864 vicecomitis

355 3901 445 3982 ‚iiij.s.
464 3919 524 3982 per
543 3919 668 3962 annum
690 3910 724 3963 et
743 3900 869 3964 nuliam
890 3901 991 3966 debet
1014 3910 1150 3966 sectam.
1194 3901 1282 3968 clar.
1329 3902 1460 3969 Ibidem

356 4108 508 4174 Canuilie
530 4109 605 4170 .xvi.
629 4108 784 4172 denarios
806 4111 850 4174 de
873 4108 975 4174 firma.

420 4215 538 4278 Pama
567 4213 713 4278 Abinton
746 4211 865 4296 [Littie
895 4213 1093 4298 Abington}
1156 4215 1260 4297 Hugo
1290 4217 1333 4279 de
1360 4215 1462 4292 Vaus,

551 4360 560 4393 ¹
579 4363 609 4413 In
622 4364 664 4413 the
676 4363 733 4414 MS.
746 4363 861 4427 Horseye
872 4364 894 4414 is
905 4365 1022 4429 repeated
1034 4365 1120 4416 before
1130 4367 1180 4416 this
1191 4367 1269 4416 word.

550 4443 560 4476 ²
576 4457 602 4497 et
613 4461 697 4512 qaam,
712 4444 769 4494 MS.
