3212 5064
353 385 399 454 24
729 363 768 438 T
761 365 806 439 lte
837 365 964 440 Third
984 365 1088 444 Book

350 563 393 618 49.
432 550 570 606 Placitum
583 561 683 608 contra
697 553 740 608 Re
761 553 888 610 'naldum
900 551 1099 623 Scherewyud.

353 635 394 692 50.
433 621 479 676 De
491 631 583 678 morte
597 623 683 692 Regis
700 625 728 678 H
743 621 849 708 eurici}

354 706 394 762 5¹·
434 692 478 747 De
498 693 618 778 placitis·
628 704 693 765 post
709 695 923 752 itineractoncm
936 695 1072 751 dedomo
1085 695 1216 766 Magistri
1229 696 1342 754 Thome
1353 696 1390 754 de
1402 699 1469 768 Tyd

355 847 396 904 52.
434 836 480 890 De
492 779 734 907 gretitiffiirnglata
746 845 820 892 terre
832 853 919 909 quam
933 838 1062 906 Rogemus
1075 837 1195 894 vicarius
1205 837 1241 894 de
1253 839 1368 895 Bruone
1376 841 1468 898 tenuit

494 907 531 962 de
548 907 666 962 dommo
685 905 839 980 G[rlbert0]
858 909 960 964 Peche.

355 991 396 1050 53.
435 978 481 1033 De
490 979 676 1102 egarencione
685 979 800 1036 cboscie
810 979 883 1035 inter
894 979 1055 1048 Burgenses
1066 979 1248 1048 cantebrigie
1257 991 1285 1036 et
1297 982 1421 1038 Priorem
1431 983 1469 1039 de

355 1133 396 1190 54
436 1121 481 1177 De
493 1050 709 1191 plgrctqteowgtltlt‘itra
721 1131 779 1177 tem
800 1121 949 1246 lariosgro
960 1121 1082 1177 ecclesia
1096 1121 1133 1177 de
1145 1122 1341 1180 Waterbeche.

354 1205 397 1262 55.
436 1193 481 1246 De
494 1191 655 1248 tenentibus
669 1201 757 1248 terms
798 1193 875 1262 ogeri
917 1191 1007 1248 iliard.

356 1263 398 1333 56.
437 1262 609 1320 lnrotulacio
621 1264 658 1318 ad
671 1263 845 1318 scaccarium
857 1263 894 1318 de
906 1263 1055 1333 Jodaismo
1067 1279 1119 1335 pro
1132 1265 1245 1334 Regem
1257 1265 1375 1323 Gillard.

356 1347 397 1404 57.
435 1335 481 1390 De
497 1335 603 1461 flacito
619 1345 718 1390 contra
734 1334 881 1390 dominum
901 1335 1014 1390 Petrum
1031 1332 1068 1390 de
1085 1336 1216 1392 Chauent
1233 1353 1285 1408 pro
1297 1339 1417 1394 seruicio
1429 1340 1467 1396 de

513 1422 542 1460 m
564 1416 647 1461 itone.

355 1477 396 1546 58.
436 1422 576 1532 locutoria
589 1477 626 1561 de
640 1475 789 1548 lmpitone.

353 1560 397 1672 gg
436 1548 683 1702 gloeffislcifficio
694 1621 763 1702 dato
775 1620 804 1675 io
816 1617 895 1674 curia
907 1617 944 1674 de
957 1617 1149 1675 Badburham.

353 1690 396 1744 61.
436 1691 480 1744 De
500 1691 605 1760 placito
624 1702 699 1746 mter
718 1692 845 1746 Priorem
864 1690 901 1746 de
922 1691 1094 1746 Berncwelle
1113 1703 1141 1746 et
1159 1691 1305 1748 domiuum
1322 1693 1466 1750 'rhomam

498 1763 643 1817 Leuebaut
670 1761 902 1818 archidiaconum
934 1759 1139 1816 Suliolcensem
1169 1779 1266 1818 coram
1296 1765 1466 1835 Justiciariis

497 1833 584 1902 Regis
602 1833 679 1904 apud
698 1831 856 1888 Cattisltale
872 1831 909 1886 de
929 1830 1052 1887 Redditu
1071 1832 1108 1888 de
1129 1833 1276 1890 Burstalle.

352 1903 396 1960 62.
435 1905 481 1960 De
493 1903 626 1958 Ysabella
638 1903 750 1974 Chyuio
766 1901 944 1958 lorotulacio.
982 1902 1171 1972 Cantebrigie.

353 1976 397 2043 63.
435 1973 574 2031 Placitum
586 1976 623 2030 de
636 1975 764 2030 Decimis
777 1974 814 2029 de
827 1975 966 2044 Hystooe.

293 2048 311 2102 l.
324 2047 342 2101 6
353 2045 397 2114 64
435 2047 481 2102 De
494 2047 626 2101 incendio
637 2046 674 2101 dc
687 2046 884 2101 Waterbeche.

353 2117 396 2187 65.
435 2119 480 2172 De
492 2129 582 2172 morte
597 2119 795 2172 Mercatorum.

352 2189 395 2243 66.
434 2189 480 2243 De
492 2198 581 2244 strata
591 2187 728 2258 ampliata
739 2203 789 2257 per
801 2195 964 2258 preceptum
979 2187 1005 2240 R
1043 2185 1074 2242 's.

351 2261 394 2327 67.
434 2260 572 2315 Placitum
584 2269 684 2314 contra
695 2269 857 2340 executores
871 2201 1177 2328 w[illetmff¹l<illenni
1190 2259 1315 2331 episcopi
1332 2262 1465 2334 Elyertsis

494 2332 531 2387 de
549 2341 663 2386 centum
681 2346 793 2386 marcis.

351 2403 394 2460 68.
430 2401 549 2457 Domini
564 2401 684 2484 Qalfridl
699 2401 736 2457 de
752 2401 875 2456 Bauncis
895 2400 983 2456 Carta
999 2399 1036 2456 de
1055 2400 1185 2471 deposito
1202 2402 1309 2458 scilicet
1326 2403 1363 2460 de
1379 2405 1462 2476 aviij.

493 2490 604 2528 marcis.

351 2547 393 2614 69.
432 2545 478 2598 De
493 2545 581 2670 X‘Viij'
601 2543 704 2598 marcis
723 2543 849 2599 liberatis
867 2541 994 2598 Domino
1013 2539 1180 2614 W[illelmo]
1193 2544 1229 2599 de
1249 2555 1360 2601 mortuo
1380 2547 1463 2603 Mari.

522 2616 707 2674 cuietancia

351 2701 393 2756 7o
433 2687 477 2742 De
492 2633 631 2757 Maqgistro
645 2687 786 2741 Emerlcio
798 2685 835 2740 de
849 2686 930 2755 Rupe
944 2685 1081 2741 Cauardi.

351 2773 393 2827 71.
433 2761 477 2814 De
494 2758 605 2830 placitis
622 2759 650 2813 in
667 2758 767 2814 itinere
785 2755 1007 2828 Justiciariorum
1028 2772 1124 2810 coram
1143 2756 1260 2812 domino
1278 2758 1409 2828 Johanne
1428 2761 1464 2817 de

494 2829 623 2886 Vallibus
641 2838 669 2884 et
689 2827 773 2882 sociis
792 2828 858 2882 suis.

350 2915 392 2968 72.
432 2901 569 2956 Placitum
582 2910 682 2954 contra
695 2898 839 2953 Gonoram
852 2898 888 2953 de
902 2898 1030 2953 Bertone.
1069 2899 1182 2966 Assysa

350 2987 392 3042 73.
432 2975 476 3028 De
489 2973 556 3027 dote
571 2970 692 3025 lsabelle
704 2969 741 3026 de
754 2971 862 3023 Thana.

349 3058 392 3111 74
430 3046 476 3098 De
488 3059 536 3097 sex
550 3043 653 3096 marcis
666 3039 740 3095 datis
753 3040 828 3094 dicte
842 3041 976 3094 Gonnore
989 3056 1039 3111 per
1051 3040 1284 3110 recognicionem.

350 3128 391 3185 75.
431 3115 569 3169 Placitum
582 3112 619 3198 dc
634 3113 755 3194 Matilda
771 3113 797 3166 le
811 3112 926 3166 Currere
939 3127 990 3182 pro
1008 3113 1154 3180 mesuagio
1171 3122 1199 3166 et
1216 3113 1305 3169 crofta
1322 3116 1463 3186 capellani

348 3257 391 3325 76.
428 3194 618 3338 mactem:
629 3183 815 3322 Sirgugegrltgrgee.
828 3251 999 3308 Herlistone.
1038 3253 1216 3309 lnrotulacio

349 3342 391 3397 77.
430 3329 569 3383 Placitum
581 3335 681 3382 contra
694 3325 837 3395 Rogerum
851 3325 997 3379 Barbedor
1009 3324 1046 3379 de
1063 3326 1221 3380 Henxtone.

348 3401 391 3468 78.
429 3397 600 3454 lorotulacio
612 3397 648 3452 de
660 3411 760 3466 assysa
772 3405 857 3468 capta
868 3405 896 3449 et
909 3411 1006 3450 eorum
1019 3395 1173 3452 ueredicto.

348 3485 391 3541 79.
430 3471 579 3526 luratores.

348 3544 391 3598 llo
429 3541 568 3596 Placitum
580 3550 680 3596 contra
694 3537 850 3594 Heoricum
862 3538 972 3608 Tuylet

349 3615 392 3672 8ι.
431 3611 610 3668 lorotulacio

349 3685 391 3741 82.
430 3686 476 3742 De
488 3681 579 3738 forma
629 3683 678 3738 cis.
771 3749 773 3754 Α

348 3759 390 3825 83.
428 3753 566 3810 Placitum
599 3770 615 3808 e
628 3754 715 3808 domo
729 3751 805 3808 Petri
819 3751 1015 3820 Scherewynd.

347 3827 390 3896 84.
430 3823 609 3882 lnrotulacio.

348 3901 390 3969 85.
430 3897 566 3952 Placitum
580 3895 616 3950 de
629 3895 793 3950 molendino
805 3893 944 3965 Johanois
956 3894 984 3948 le
999 3895 1066 3949 Rus.

348 3969 390 4026 86.
430 3967 608 4024 lorotulacio.

347 4043 390 4110 87.
429 4039 514 4095 lurati
528 4039 563 4093 de
578 4039 701 4108 Hugone
713 4037 739 4093 le
753 4039 821 4092 Rus.

349 4113 390 4168 88.
430 4110 567 4165 Placitum
580 4107 618 4164 de
630 4109 772 4164 Willelmo
786 4109 893 4164 Warin.

348 4185 390 4252 89
429 4181 567 4237 Placitum
580 4181 708 4251 pulcrum
721 4189 820 4236 contra
832 4179 1015 4250 Radulphum
1028 4180 1054 4233 le
1068 4179 1143 4234 Lord
1155 4180 1192 4235 de
1205 4181 1335 4235 Bertone.

348 4271 390 4324 oo
430 4255 475 4307 De
489 4253 615 4306 Waltero
628 4252 653 4306 le
668 4251 751 4308 Lord.
789 4250 968 4306 lurotulacio.

347 4342 390 4394 9¹·
430 4324 568 4380 Iudicium
581 4323 701 4377 mittitur
713 4321 751 4376 ad
765 4321 900 4376 Bancum.

347 4412 390 4466 92.
429 4396 474 4450 De
485 4395 602 4450 domiuo
615 4393 733 4450 Warinu
746 4392 781 4447 de
796 4393 899 4447 insula

347 4479 390 4542 93.
429 4468 474 4524 De
486 4467 581 4542 quieta
593 4464 767 4521 clamacione
782 4465 857 4522 Luce
872 4462 1041 4520 Mareacalli.
