3192 5102
337 363 408 433 206
612 360 883 457 Appointment
907 358 957 454 of
973 358 1151 431 Proctors
1320 352 1441 452 [Boon

169 530 267 634 {22¹⁶}OE
276 586 302 622 n
332 536 461 606 iacimus,
474 548 502 593 et
514 538 711 594 constituimus
725 537 859 594 dilectum
872 535 954 591 nobis
967 535 995 591 in
1010 534 1124 591 Christo
1136 535 1302 606 magistrum
1320 533 1440 602 symon-

169 631 379 678 theeourtofem
402 624 439 679 de
464 626 540 694 Roys
561 625 692 681 clericum
718 634 927 695 procuratorem
951 633 1077 679 nostrum
1102 623 1131 677 in
1157 631 1339 678 sacrosancta
1363 619 1441 674 curia

171 683 301 784 ifinmfffi
334 712 466 768 Romana
480 715 517 768 ad
535 713 743 784 impetrandum
760 714 867 768 litteras
885 712 1028 784 simplices
1046 721 1074 767 et
1091 711 1226 781 legendas
1245 709 1371 780 graciam
1389 726 1439 763 seu

171 782 269 876 ξξξξξξ,
329 799 471 869 justiciam
485 799 670 867 continentes
683 810 712 856 et
725 801 761 854 ad
771 799 1023 855 contradicendum
1033 815 1144 854 necnon
1153 798 1191 852 ad
1201 795 1440 853 consentiendum

171 883 279 975 {32¹1}st
332 886 361 941 in
370 887 482 958 judices
494 898 522 942 et
534 888 604 956 loca,
618 897 645 944 et
658 887 695 942 ad
705 887 816 957 judices
829 888 1011 954 recusandus,
1018 897 1045 942 et
1058 886 1149 942 eciam
1162 885 1199 940 ad
1212 883 1439 940 substituendum

259 965 264 978 ’
332 984 541 1044 procuratorem
554 976 617 1030 loco
630 975 680 1041 sui,
694 986 721 1030 et
735 977 772 1030 ad
784 975 880 1030 omnia
892 975 1030 1045 premissa
1042 973 1180 1040 facienda,
1195 983 1289 1028 ratum
1300 971 1439 1027 habentes

332 1072 360 1117 et
379 1063 491 1118 firmum
509 1062 644 1134 quicquid
662 1063 737 1118 idem
756 1063 892 1133 magister
909 1073 938 1119 et
956 1064 993 1118 ab
1011 1079 1045 1118 eo
1064 1061 1232 1118 substitutus
1251 1060 1280 1114 in
1293 1060 1441 1131 premissis

333 1149 447 1204 nomine
460 1159 556 1206 nostro
568 1151 678 1206 duxerit
690 1149 860 1207 faciendum.

387 1239 421 1292 ln
439 1237 519 1293 cuius
537 1239 577 1292 rei
595 1238 787 1294 testimonium
807 1237 929 1308 sigillum
948 1246 1075 1292 nostrum
1094 1253 1244 1292 commune
1261 1235 1440 1306 presentibus

334 1324 465 1380 duximus
477 1327 686 1396 apponendum.
1212 1333 1216 1344 “

388 1415 496 1468 Datum
514 1414 589 1484 apud
607 1416 778 1470 Bernewelle
796 1415 823 1468 in
841 1413 964 1484 capitulo
983 1423 1079 1468 nostro
1096 1421 1148 1467 etc.
1169 1412 1346 1484 presentibus
1362 1409 1442 1484 [etc]

334 1509 397 1568 post
410 1499 561 1554 triennium
573 1499 690 1554 minime
702 1499 859 1555 valiturum.

548 1852 593 1898 11.
640 1835 832 1898 Procuratio
854 1835 903 1898 ad
920 1855 1034 1898 causas
1052 1833 1226 1916 gemraks.

171 1988 224 2031 ²¹¹⁹
388 1990 528 2044 Omnibus
548 1987 802 2045 christifidelibus
827 1990 863 2044 ad
884 2007 956 2062 quos
982 2006 1098 2059 presens
1122 1989 1258 2060 scriptum
1284 1991 1443 2059 peruenerit

170 2045 286 2144 {iiiiii
335 2073 465 2146 S[ym0n]
484 2077 564 2131 Prior
581 2077 617 2132 de
638 2077 808 2132 Bemewellc
826 2088 853 2132 et
871 2076 1000 2132 eiusdem
1017 2077 1072 2133 loci
1091 2087 1248 2134 conuentus
1273 2078 1393 2133 salutem
1412 2077 1443 2132 in

169 2148 274 2240 mom,
334 2164 432 2220 salutis
445 2175 567 2221 auctore.

169 2240 281 2385 ξζῆῗξζζ·
389 2254 508 2308 Nouerit
528 2253 696 2308 uniuersitas
715 2261 809 2307 uestra
826 2253 903 2323 quod
925 2269 977 2307 nos
1001 2263 1098 2308 tenore
1122 2253 1300 2324 presencium
1323 2253 1443 2310 iacimus

171 2355 231 2434 'pp
249 2341 317 2433 ¹3:¹¹2·
334 2341 532 2396 constituimus
556 2351 584 2397 et
609 2341 772 2397 ordinamus
797 2350 992 2411 procuratores
1019 2353 1131 2397 nostros
1159 2341 1299 2410 legitimos
1323 2341 1443 2397 dilectos

171 2442 233 2486 ore.
334 2429 434 2484 fratres
453 2438 564 2484 nostros
584 2430 743 2499 Johannem
762 2430 798 2484 dc
818 2429 978 2501 Scapham,
999 2438 1026 2484 et
1046 2429 1139 2484 Adam
1158 2430 1194 2485 de
1213 2441 1311 2486 sancto
1329 2430 1442 2485 Albano

170 2493 316 2585 fflssmm
335 2517 488 2572 canonicos
512 2526 634 2580 nostros,
660 2533 770 2572 necnon
796 2525 824 2571 et
845 2517 1011 2584 magistrum
1036 2517 1209 2574 Willelmum
1234 2518 1271 2572 de
1304 2519 1443 2588 Norwyco

171 2591 326 2685 §Qffls
335 2603 468 2659 clericum
481 2613 609 2658 nostrum
622 2603 651 2657 in
663 2603 796 2657 omnibus
809 2603 901 2658 causis
915 2603 1018 2658 nostris
1032 2613 1059 2658 et
1072 2604 1206 2674 negocijs,
1219 2621 1314 2659 coram
1328 2603 1442 2675 quibus·

170 2700 197 2736 to
206 2699 247 2784 ¹¹01
256 2672 300 2735 ιε’
335 2706 447 2761 cunque
455 2691 598 2762 judicibus
611 2690 761 2746 ordinariis
779 2707 827 2745 seu
841 2690 986 2760 delegatis,
1000 2691 1119 2759 arbitris,
1134 2692 1380 2748 conseruatoribus
1393 2710 1443 2747 seu

170 2744 304 2846 {nigritatis
336 2795 431 2833 corum
450 2778 528 2833 vices
546 2779 717 2847 gerentibus,
736 2778 951 2850 quibuscunque
973 2777 1072 2833 diebus
1097 2789 1124 2834 et
1149 2780 1219 2835 locis
1241 2791 1339 2835 contra
1358 2798 1443 2852 quos·

170 2844 321 2947 iiiii&
336 2883 446 2938 cunque
477 2867 653 2922 aduersarios
684 2877 797 2922 nostros
827 2868 881 2922 sub
910 2867 1111 2936 altemacione,
1141 2878 1233 2922 ratum
1268 2877 1296 2922 et
1331 2879 1443 2938 gratum

335 2950 482 3024 habitur[i]
499 2953 632 3025 quicquid
651 2970 749 3009 omnes
768 2953 852 3008 simul
870 2953 914 3008 vel
932 2970 1005 3008 unus
1024 2969 1120 3010 eorum
1139 2953 1167 3008 in
1187 2954 1269 3009 dictis
1288 2956 1381 3009 causis
1393 2972 1443 3009 seu

335 3041 461 3110 negocijs
473 3041 588 3096 nomine
600 3052 696 3097 nostro
709 3041 839 3096 duxerint
852 3059 901 3096 seu
914 3042 1022 3097 duxerit
1035 3041 1204 3109 iaciendum,
1218 3043 1318 3097 dantes
1336 3043 1444 3098 eisdem

335 3128 468 3183 omnibus
491 3138 520 3184 et
545 3127 663 3198 singulis
688 3139 715 3183 et
741 3145 837 3183 eorum
863 3129 920 3199 uni,
944 3147 1016 3202 quos
1045 3133 1089 3186 uei
1114 3147 1201 3203 quem
1216 3130 1324 3199 judicio
1342 3131 1445 3187 adesse

335 3215 493 3285 contigerit,
512 3227 681 3287 potestatem
701 3217 803 3287 agendi
824 3227 852 3273 et
871 3216 1049 3285 defendendi,
1075 3218 1254 3289 impetrandi,
1276 3219 1443 3290 excipiendi,

335 3303 517 3373 repplicandi‚
529 3303 699 3375 appellandi,
719 3304 926 3373 appellaciones
943 3306 1140 3376 prosequendi,
1159 3306 1187 3360 in
1205 3306 1315 3361 animas
1331 3317 1444 3362 nostras

335 3400 394 3443 tam
407 3389 442 3444 de
455 3390 616 3462 calumpnia
628 3409 714 3462 quam
727 3391 763 3446 dc
775 3392 894 3447 ueritate
905 3392 1029 3448 dicenda
1042 3392 1161 3459 iurandi,
1174 3403 1202 3447 et
1211 3392 1356 3463 quodlibet
1366 3395 1443 3450 aliud

334 3495 424 3546 genus
442 3479 511 3532 liciti
531 3480 701 3534 sacramenti
720 3481 873 3550 prestandi,
894 3490 984 3536 status
1002 3480 1090 3536 nostri
1113 3489 1140 3535 et
1166 3480 1329 3550 monasterij
1354 3483 1443 3537 nostri

232 3582 248 3632 f.
266 3583 322 3645 78b
334 3572 567 3628 retornacionem
587 3575 710 3645 petendi,
730 3574 862 3644 ponendi,
883 3575 1075 3646 posicionibus
1092 3575 1290 3646 respondendi,
1310 3575 1381 3631 alios
1397 3578 1443 3631 uel

334 3662 421 3717 alium
444 3675 636 3731 procuratores
662 3679 710 3718 seu
736 3673 947 3733 procuratorem
971 3663 1170 3731 constituendi,
1196 3678 1335 3733 expensas
1359 3662 1443 3719 nobis

335 3750 512 3806 adiudicatus
525 3763 553 3806 et
566 3751 771 3806 adiudicandas
784 3751 945 3823 recipiendi,
959 3760 988 3807 et
1000 3752 1096 3806 omnia
1109 3751 1165 3806 alia
1177 3750 1315 3806 iaciendi¹
1324 3768 1379 3823 que
1393 3769 1443 3822 per

335 3856 419 3894 ueros
450 3850 478 3894 et
505 3839 647 3908 legitimos
678 3850 874 3911 procuratores
905 3839 1078 3894 coniunctim
1109 3848 1137 3894 et
1166 3838 1281 3895 diuisim
1311 3850 1443 3910 poterunt

335 3927 465 3998 expediri.
505 3929 559 3981 Pro
571 3927 677 3982 eisdem
691 3928 823 3983 omnibus
835 3938 864 3983 et
877 3927 994 3997 singuiis
1007 3939 1034 3982 et
1047 3945 1144 3983 eorum
1161 3945 1217 3983 vno
1234 3939 1262 3983 et
1278 3930 1315 3984 ab
1334 3929 1442 3984 eisdem

335 4015 467 4071 omnibus
484 4015 529 4070 uel
547 4029 645 4069 eorum
662 4031 717 4070 vno
734 4014 900 4082 substitutis,
915 4031 964 4069 scu
976 4015 1136 4084 substituto,
1150 4016 1204 4070 sub
1217 4027 1336 4087 ypoteca
1348 4034 1442 4072 rerum

335 4115 495 4160 nostrarum
510 4104 669 4174 judicatum
687 4105 758 4159 solui
775 4104 973 4175 promittimus
1017 4104 1096 4159 idem
1111 4103 1325 4176 quibuscunque
1342 4107 1442 4162 aduer-

336 4191 418 4246 sariis
437 4192 540 4246 nostris
560 4203 589 4246 et
610 4191 742 4246 omnibus
761 4208 881 4262 quorum
902 4192 1018 4246 interest
1038 4191 1238 4262 significamus.

391 4280 424 4333 In
438 4280 516 4335 cuius
529 4279 567 4334 rei
581 4278 774 4334 testimonium
787 4290 840 4334 etc.
879 4281 987 4332 Datum
999 4277 1028 4334 in
1042 4275 1174 4350 Capitulo
1186 4291 1284 4336 nostro
1296 4289 1347 4336 etc.

777 4414 785 4446 ¹
803 4416 924 4477 iacienda,
940 4416 997 4470 MS.
