3212 5064
317 364 365 434 44
702 343 876 418 Further
893 353 1033 443 grants
1303 339 1423 438 [soon

370 524 506 581 Concessi
527 523 618 581 eciam
639 526 680 580 eis
702 527 828 583 decimas
850 529 886 584 de
906 529 1034 584 dominio
1054 545 1119 583 meo
1140 529 1176 583 de
1196 524 1379 595 Cantebrigia
1397 534 1425 580 et

317 607 476 664 Ecclesiam
493 609 591 664 Sancti
610 609 705 680 Egidij
722 621 751 666 et
770 609 930 668 Ecclesiam
948 612 985 667 de
1004 611 1193 668 Cumbertone
1212 610 1240 664 in
1259 620 1425 681 perpetuam

315 693 508 749 elemosinam.
545 695 632 750 Teste
651 695 765 765 Rogero
785 696 929 767 Episcopo
949 695 1168 751 Salesburensi¹.

396 899 442 962 14
491 881 593 950 carta
614 884 742 949 doment
761 884 915 968 Remus·
932 885 1170 949 lincolniam
1190 881 1347 968 apocope
1457 849 1458 854 ‘

154 1063 292 1156 scalprus.
370 1048 511 1104 Omnibus
532 1058 630 1106 sancte
650 1051 749 1106 matris
771 1051 889 1106 ecclesie
914 1049 978 1121 filijs
1000 1051 1036 1106 ad
1058 1067 1130 1122 quos
1151 1065 1267 1121 presens
1289 1047 1425 1118 scriptum

131 1117 268 1215 'fflssln'
315 1135 475 1207 peruenerit
500 1137 647 1208 Remigius
671 1139 716 1194 dei
741 1138 837 1208 gracia
863 1138 1069 1194 Lincolniensis
1099 1134 1274 1210 Episcopus¹
1297 1139 1425 1192 eternam

152 1215 270 1318 3223·
316 1222 345 1278 in
365 1223 491 1278 Domino
511 1225 640 1280 salutem.

152 1316 263 1408 epmtps
371 1311 490 1366 Nouerit
507 1313 675 1368 uniuersitas
693 1323 786 1369 uestra
802 1331 855 1368 nos
871 1313 967 1370 diuine
984 1314 1095 1385 pietatis
1113 1314 1214 1369 intuitu
1232 1313 1269 1368 ad
1282 1321 1424 1383 presenta-

152 1377 281 1460 ini‘itii.
315 1400 427 1456 cionem
439 1409 467 1455 et
480 1401 650 1471 peticionem
662 1402 770 1456 domini
785 1403 882 1472 Pycoti
895 1402 1069 1458 vicecomitis
1081 1403 1195 1459 dedisse
1208 1412 1237 1458 et
1249 1400 1424 1457 concessisse

315 1500 343 1544 et
362 1491 487 1560 presenti
508 1501 587 1544 carta
607 1501 705 1544 nostra
724 1491 908 1546 confirmasse
932 1490 1086 1546 Canonicis
1108 1491 1144 1546 de
1165 1488 1347 1560 cantebrigia
1369 1489 1422 1542 Ec-

315 1578 431 1632 clesiam
446 1579 543 1632 Sancti
557 1576 652 1648 Egidij
666 1579 702 1634 de
716 1578 898 1648 Cantebrigia
910 1581 958 1634 ubi
971 1597 1089 1635 assensu
1103 1591 1198 1635 nostro
1211 1581 1313 1634 domus
1325 1594 1423 1633 eorum

314 1664 434 1721 lundata
454 1676 505 1733 est,
526 1675 554 1720 et
576 1666 737 1722 Ecclesiam
758 1668 794 1722 de
818 1669 958 1723 Mordone
982 1685 1048 1724 cum
1073 1669 1191 1741 Capella
1211 1668 1248 1723 de
1273 1666 1424 1733 Redderia,

316 1754 476 1810 Ecclesiam
492 1753 528 1809 de
544 1755 721 1824 Thadelows,
741 1756 900 1811 Ecclesiam
917 1757 954 1812 de
968 1758 1081 1812 Brunne
1098 1775 1163 1812 cum
1177 1756 1294 1827 Capella
1306 1753 1424 1811 Cascelli

315 1853 343 1897 et
362 1859 425 1896 curn
446 1843 563 1914 Capella
581 1842 617 1898 de
637 1843 797 1911 Caldecote,
818 1845 975 1900 Ecclesiam
993 1846 1029 1900 de
1049 1848 1246 1914 Combertone,
1265 1843 1424 1900 Ecclesiam

315 1929 351 1984 de
366 1929 558 1999 Maddingele,
571 1930 731 1984 Ecclesiam
744 1931 780 1986 de
795 1933 944 2000 Ramtone,
958 1934 1103 1988 Ecclesias
1116 1934 1151 1989 de
1165 1935 1335 1988 Harlestone
1347 1943 1374 1988 et
1387 1933 1425 1988 de

317 2019 476 2086 Henxtone,
499 2017 646 2073 habendas
668 2028 697 2074 et
719 2020 856 2075 tenendas
879 2021 908 2077 in
929 2022 1057 2095 proprios
1079 2039 1146 2077 usus
1167 2023 1254 2077 libere
1277 2021 1372 2093 quiete
1395 2033 1425 2077 et

315 2106 422 2174 integre
439 2123 504 2160 cum
521 2107 654 2161 omnibus
672 2107 789 2162 decimis
806 2119 835 2165 et
853 2111 986 2167 omnibus
1004 2111 1227 2166 obuencionibus
1245 2121 1273 2165 et
1292 2110 1423 2165 omnibus

315 2195 377 2264 alijs
390 2194 571 2265 pertinencijs
584 2194 623 2249 ad
635 2195 760 2266 inopiam
774 2215 855 2252 suam
868 2199 1058 2255 releuandam.

370 2285 569 2339 Concessimus
586 2284 676 2339 eciam
693 2285 734 2340 eis
752 2296 780 2340 et
796 2289 921 2357 presenti
937 2298 1016 2343 carta
1032 2297 1130 2344 nostra
1141 2287 1370 2343 confirmauimus
1387 2286 1424 2340 ad

315 2371 558 2442 presentacionem
575 2372 717 2428 iamdicti
735 2375 833 2445 Pycoti
853 2377 924 2431 duas
941 2385 1037 2447 partes
1054 2375 1228 2432 decimarum
1243 2375 1280 2430 de
1292 2375 1423 2430 omnibus

315 2461 448 2533 dominijs
467 2461 594 2516 omnium
613 2463 733 2518 militurn
753 2463 958 2534 pertinencium
978 2465 1014 2520 ad
1035 2463 1188 2520 Baroniam
1206 2464 1242 2520 de
1263 2465 1375 2519 Brunue
1395 2463 1423 2517 in

317 2549 578 2618 Cantebrigeschire
601 2548 728 2605 scilicet:
752 2552 789 2605 de
812 2553 920 2621 Queya,
939 2552 975 2608 de
996 2554 1097 2618 Stowe,
1117 2553 1153 2607 de
1173 2551 1368 2618 Waterbecbe,
1388 2549 1423 2604 de

317 2636 495 2704 Landbeche,
514 2636 550 2691 de
571 2635 755 2701 middeltone,
776 2637 813 2692 de
834 2639 991 2709 lmpetone,
1008 2639 1044 2694 de
1066 2641 1204 2709 Hystone,
1223 2640 1259 2694 de
1280 2641 1422 2704 Grettone,

240 2720 257 2770 l.
274 2737 303 2784 ¹4
315 2723 352 2778 de
373 2721 527 2792 llolritone‚
546 2724 582 2778 de
603 2726 752 2792 Ramtone,
772 2725 809 2781 de
828 2727 996 2796 Coteuham,
1015 2728 1051 2783 de
1074 2728 1248 2796 Louewnhe‚
1267 2729 1303 2783 de
1323 2729 1423 2782 Trum-

316 2811 420 2882 pitone‚
440 2811 476 2865 de
499 2810 705 2881 Haselingleld‚
724 2812 760 2868 de
783 2814 947 2884 Harletone‚
967 2816 1003 2870 de
1025 2816 1216 2883 Eueresdone,
1236 2815 1272 2871 de
1293 2813 1369 2882 Toit,
1388 2814 1424 2870 de

318 2900 478 2968 Caldecote,
494 2899 530 2954 de
550 2899 731 2970 Kingestone,
749 2901 785 2955 de
804 2903 954 2973 Wynepol,
971 2903 1008 2958 de
1028 2904 1190 2970 Crawdene,
1208 2903 1243 2958 de
1264 2903 1424 2972 Hatteleya,

316 2987 352 3042 de
366 2987 582 3058 Pampeswrthe‚
592 2989 628 3044 de
638 2989 818 3056 Aldewincle,
829 2990 975 3047 habendas
988 3002 1016 3046 et
1027 2991 1164 3046 tenendas
1175 2991 1204 3045 in
1217 3007 1284 3046 usus
1296 2989 1424 3060 proprios

316 3071 431 3141 integre,
441 3073 543 3144 quiete,
553 3072 647 3138 libere,
658 3074 696 3127 ad
708 3073 809 3128 domus
819 3091 869 3129 sue
879 3075 945 3129 etin
956 3093 990 3130 ea
999 3076 1054 3131 deo
1063 3075 1249 3131 seruiencium
1258 3085 1423 3147 perpetuam

317 3161 567 3215 sustentacionem.
605 3161 654 3230 Hij
668 3171 733 3216 sunt
746 3171 831 3216 testes
844 3173 897 3218 etc.

390 3385 436 3451 ις.
484 3369 586 3436 Carta
607 3370 736 3435 domini
756 3371 885 3434 Heruei
904 3369 1050 3435 Eliensis
1071 3369 1222 3454 Episcopi
1235 3367 1350 3452 primi.

154 3531 302 3589 newenp.
371 3529 517 3586 Hemeus⁸
538 3531 584 3586 dei
603 3531 699 3600 gracia
721 3531 852 3600 Elyensis
876 3533 1034 3603 Episcopus
1056 3531 1187 3586 omnibus
1210 3540 1307 3586 sancte
1326 3527 1425 3584 matris

153 3587 304 3689 diffidi}
315 3617 434 3674 ecclesie
447 3617 511 3686 filijs
524 3629 550 3672 et
564 3617 694 3673 fidelibus
707 3619 826 3673 salutem
840 3629 868 3674 et
881 3619 927 3674 dei
940 3617 1167 3674 benedictionem
1180 3627 1207 3672 et
1220 3633 1309 3671 suam.

153 3686 264 3788 ‘issem'
371 3705 514 3761 Noueritis
539 3723 592 3760 nos
615 3706 711 3762 diuine
735 3707 859 3777 pietatis.
874 3707 975 3763 intuitu
997 3707 1035 3762 ad
1056 3705 1295 3778 presentationem
1316 3703 1423 3759 domini

153 3787 307 3881 {ggfl'ffios
319 3795 424 3864 Pagani
446 3795 561 3850 Peuerel
582 3794 695 3850 dedisse
713 3805 742 3850 et
763 3798 938 3852 concessisse
958 3807 986 3851 et
1005 3795 1127 3867 presenti
1146 3806 1225 3852 carta
1243 3805 1340 3850 nostra
1358 3811 1424 3849 con·

156 3851 293 3941 Regiam·-
317 3881 444 3938 firmasse
464 3884 615 3938 Canonicis
633 3883 808 3953 regularibus
827 3885 864 3940 de
887 3885 1060 3941 Barnewelle
1081 3901 1180 3940 omnes
1199 3883 1334 3939 ecclesias
1353 3899 1424 3955 quas

316 3970 499 4041 predecessor
519 3982 615 4026 noster
636 3972 710 4026 bone
730 3971 864 4028 memorie
888 3974 1028 4028 Dominus
1050 3971 1195 4048 Remigius
1220 3969 1425 4027 Lincolniensis

318 4057 476 4129 Episcopus
495 4059 535 4112 eis
554 4059 695 4114 concessit
713 4069 741 4114 et
759 4076 810 4114 sua
829 4071 908 4115 carta
925 4060 1110 4116 confirmauit.

513 4219 522 4252 ¹
539 4221 578 4286 Bp
590 4220 618 4271 ol
628 4219 764 4286 Salisbury.
780 4237 806 4271 rr
820 4222 889 4287 Aug.
904 4235 1064 4289 ειη-1139
1076 4223 1112 4284 (d.
1125 4242 1140 4286 4
1152 4219 1235 4286 Dec..)

512 4304 524 4337 ¹
539 4304 578 4368 Bp
590 4305 618 4354 ol
628 4305 742 4366 Lincoln‚
760 4303 918 4372 roso-1092
932 4305 968 4368 (d.
980 4305 996 4358 6
1008 4303 1087 4371 May).

512 4385 523 4420 ⁸
540 4387 579 4453 Bp
590 4387 620 4438 ot'
629 4387 685 4452 Ely,
701 4403 859 4453 1109—1131
873 4389 909 4450 (d.
923 4403 955 4454 go
966 4387 1054 4454 Aug).
