3222 5086
150 371 215 472 111]
341 374 418 448 The
444 374 594 449 Barons
620 373 711 448 hold
729 373 790 447 the
816 374 892 448 Isle
918 374 966 472 of
981 375 1061 474 Ely
1191 399 1254 448 121

218 561 297 625 Post
318 563 647 626 consummacionem
668 583 785 646 guerre
800 563 957 626 dominus
973 562 1162 634 Willelmus
1180 562 1259 625 Bar·
1274 576 1368 668 gppn

148 665 225 730 dolf
243 665 454 730 confirmauit
475 688 534 750 per
554 677 680 731 cartam
702 688 797 732 suam
820 668 924 731 Priori
947 676 981 730 et
1005 666 1194 732 Conuentui
1217 666 1260 729 de
1274 676 1315 768 gil
1334 686 1395 768 553·

151 769 353 834 Bemewelle
381 791 498 834 omnes
525 781 629 835 terras
656 781 689 834 et
717 781 910 836 tenementa
940 791 1015 835 cum
1047 769 1424 869 pertinencijsgvnevgffifhe

148 895 215 957 que
230 874 418 939 habuerunt
434 875 467 938 in
481 873 690 957 Wygenhale
705 894 750 939 ex
766 873 856 939 dono
873 874 1034 939 Willelmi
1051 873 1108 955 filij
1124 873 1259 940 Oliueri.

151 979 198 1044 Et
213 989 290 1062 post
307 989 449 1044 mortem
466 980 569 1062 ipsius
585 979 747 1044 Willelmi
764 978 905 1043 Bardols
924 977 1009 1043 filius
1030 980 1100 1044 eius
1116 989 1151 1044 et
1166 980 1260 1043 heres

149 1083 307 1147 dominus
331 1082 521 1147 Willelmus
549 1081 690 1147 Bardoll
716 1085 835 1146 iterum
859 1080 1070 1148 confirmauit
1095 1085 1128 1147 in
1153 1083 1260 1148 forma

150 1187 278 1251 meliori
309 1207 410 1270 quam
442 1197 538 1270 pater
568 1187 647 1264 eius,
674 1189 857 1252 secundum
885 1187 974 1270 quod
1006 1189 1196 1252 continetur
1225 1188 1259 1251 in

151 1311 267 1356 eorum
290 1291 529 1356 instrumentis.
1272 1297 1288 1348 s·
1304 1312 1334 1362 4⁵

436 1549 484 1614 33.
531 1533 584 1597 Dc
605 1533 749 1597 incendio
771 1532 811 1596 de
833 1531 974 1597 Brunnc.

220 1696 258 1758 ln
271 1705 423 1778 tempore
435 1695 493 1759 illo
504 1705 578 1760 orta
589 1705 640 1760 est
657 1696 821 1760 dissencio
834 1716 956 1778 magna
974 1697 1058 1759 inter
1076 1695 1259 1760 Henricum
1274 1714 1393 1809 {mue

153 1801 282 1882 Regem
310 1809 344 1864 et
375 1800 521 1864 Barones
552 1821 639 1865 suos.
696 1800 825 1882 Symon
856 1821 935 1864 uero
962 1802 1005 1864 de
1033 1811 1147 1866 monte
1175 1801 1260 1878 forti,
1274 1816 1360 1910 pingit,
1370 1865 1400 1908 de

152 1904 276 1969 Comes
298 1904 498 1986 Leycestrie,
515 1905 649 1987 collegit
670 1905 712 1968 ad
735 1915 864 1987 partem
886 1925 981 1968 suam
997 1915 1114 1968 contra
1131 1905 1260 1987 Regem
1274 1915 1412 2010 ‘2233ng

152 2009 276 2073 multos
288 2018 323 2072 et
334 2018 497 2092 potentes,
510 2019 543 2072 et
556 2010 750 2092 inceperunt
766 2031 810 2073 ex
823 2019 963 2092 utraque
974 2018 1070 2092 parte
1086 2008 1260 2092 depredari
1274 2017 1376 2120 mltum

152 2112 248 2176 villas
277 2122 312 2177 et
345 2112 493 2176 maneria
524 2112 668 2195 plurium
704 2112 919 2196 depopulare,
948 2114 1101 2196 captiuos
1137 2113 1260 2176 multos
1276 2117 1364 2170 fleury
1374 2118 1423 2161 111·

151 2227 267 2281 tenere
289 2227 323 2280 et
346 2217 560 2300 inprisonare‚
581 2217 691 2299 plures
715 2217 906 2294 interficere,
927 2226 961 2281 et
985 2218 1092 2281 multa
1114 2217 1203 2281 mala
1226 2218 1259 2280 in

152 2321 292 2384 diuersis
323 2323 474 2403 partibus
505 2319 629 2405 Anglie
661 2321 776 2386 lacere.
831 2320 1046 2404 Quapropter
1073 2321 1260 2405 Episcopus

154 2423 319 2507 Elyensis,
340 2445 384 2488 ex
406 2435 565 2508 precepto
587 2425 698 2507 Regis
719 2425 796 2490 iecit
822 2425 969 2489 Insulam
993 2428 1168 2505 custodire,
1186 2426 1260 2491 bar·
1276 2453 1343 2494 now
1351 2451 1394 2494 ue

151 2548 241 2590 reras
265 2547 325 2610 per
346 2527 496 2590 diuersas
520 2537 630 2609 partes
655 2527 768 2590 Insule
791 2538 991 2603 construere,
1007 2541 1042 2593 et
1065 2549 1120 2594 eas
1144 2529 1199 2593 die
1222 2549 1260 2593 ac
1274 2502 1425 2596 &neglege

153 2641 254 2696 nocte
269 2652 344 2695 cum
362 2652 463 2695 manu
485 2641 614 2695 armata
634 2632 810 2696 custodire.
857 2633 1005 2697 Barones
1026 2655 1103 2698 uero
1119 2635 1260 2698 scientes
1273 2604 1417 2705 ille'iri'i‘sut

155 2736 305 2800 Insulam
322 2735 407 2800 bene
422 2737 596 2812 munitam,
611 2746 646 2800 et
666 2735 829 2818 refugium
846 2756 919 2800 esse
936 2747 1148 2820 oportunum,
1164 2748 1261 2802 caute
1274 2706 1405 2808 ieil‘tllli'

154 2841 354 2906 studuerunt
370 2841 401 2902 in
420 2859 494 2903 eam
512 2841 654 2914 introire,
671 2839 761 2923 quod
782 2840 918 2922 quidem
935 2842 1097 2924 paulatim
1113 2852 1147 2907 et
1163 2841 1261 2906 ualde
1273 2809 1398 2951 ffibiiid

154 2956 251 3011 caute
279 2945 434 3010 lecerunt
492 2945 635 3028 Ingressi
664 2965 742 3008 uero
771 2943 918 3008 insulam
947 2956 1107 3030 tanquam
1134 2947 1260 3011 domini
1275 2961 1406 3013 oeeupyu.

155 3071 229 3116 eam
245 3050 465 3134 occupabant,
481 3060 515 3113 et
532 3051 693 3112 miserunt
707 3049 829 3113 cotidie
844 3049 1005 3113 satellites
1020 3071 1098 3114 suos
1114 3053 1262 3115 exterius
1275 3029 1426 3133 ffissthey

154 3159 198 3221 ad
220 3156 423 3239 querendam
446 3157 593 3238 predam.
640 3155 686 3218 Et
707 3155 813 3218 multa
834 3155 922 3218 mala
948 3155 1096 3220 lecerunt
1120 3155 1184 3238 hijs
1204 3157 1261 3238 qui
1276 3131 1405 3224 iiiiii?

156 3261 255 3344 longe
270 3271 305 3324 et
320 3260 385 3342 hijs
400 3262 457 3343 qui
470 3280 575 3343 prope
587 3270 681 3323 erant
694 3260 726 3322 in
743 3259 898 3322 omnibus
910 3259 996 3322 villis
1008 3281 1067 3343 per
1079 3261 1261 3324 circuitum.
1274 3233 1411 3334 lilssn‘w

157 3367 289 3430 Diuites
317 3367 405 3429 enim
433 3365 611 3447 capiebant
638 3375 672 3428 et
698 3364 839 3428 uinculis
868 3366 1075 3446 mancipatos
1102 3365 1263 3428 tenebant
1274 3334 1384 3427 {iiiiii

155 3469 307 3550 captiuos
322 3486 496 3549 quousque
512 3464 658 3529 facerent
673 3465 951 3547 redempcionem.
998 3464 1090 3531 Oues
1105 3466 1211 3530 eciam
1227 3475 1262 3529 et
1274 3435 1400 3536 dliii?

154 3575 266 3650 boues,
286 3573 423 3637 bladum
447 3581 480 3634 et
504 3571 658 3647 brasium,
682 3580 716 3633 et
736 3570 893 3653 quicquid
918 3573 1075 3634 inuadere
1097 3581 1261 3655 poterant,

155 3679 317 3761 usquein
343 3674 491 3740 Insulam
515 3675 764 3738 transtulerunt.

221 3781 379 3865 Quodam
410 3800 490 3843 uero
520 3780 574 3844 die
605 3781 698 3843 uenit
727 3780 866 3862 quidam
897 3780 1044 3844 ribaldus
1073 3781 1116 3845 de
1148 3781 1262 3846 Insula

157 3885 272 3950 uolens
294 3885 420 3949 malum
443 3884 550 3948 lacere
571 3885 754 3947 secundum
776 3885 957 3961 consueuit,
973 3895 1006 3948 et
1027 3907 1103 3949 ecce
1124 3886 1260 3968 quidam

157 3987 199 4052 de
229 3990 338 4070 patria
368 3996 530 4051 uenerunt
559 3998 593 4051 et
620 4006 697 4050 eum
729 3997 966 4064 arestauerunt,
992 3998 1026 4051 et
1056 3989 1164 4071 capud
1191 3991 1262 4052 eius

157 4103 422 4176 amputauerunt.
470 4092 514 4155 Et
535 4102 612 4174 post
633 4112 758 4175 paucos
779 4094 850 4157 dies
871 4094 1026 4157 exierunt
1049 4093 1169 4157 milites
1185 4113 1260 4158 cum

157 4199 371 4262 multitudine
395 4209 608 4272 armatorum,
631 4206 665 4260 et
688 4217 748 4280 per
770 4197 902 4260 diuersa
924 4197 997 4260 loca
1022 4199 1132 4279 ignem
1157 4218 1260 4280 appo·
1274 4180 1411 4282 {imi}

157 4312 300 4366 suerunt.
340 4301 493 4366 Tandem
508 4313 670 4366 uenerunt
681 4303 723 4365 ad
737 4303 921 4365 manerium
936 4302 1055 4365 Prioris
1069 4303 1100 4362 in
1119 4300 1261 4379 Brunne,
1273 4280 1323 4373 ill?
1333 4279 1426 4373 iffi.

157 4417 190 4470 et
207 4407 251 4470 ibi
272 4407 384 4489 ignem
406 4416 641 4488 apposuerunt,
656 4415 691 4468 et
707 4405 823 4469 horrea
841 4404 960 4469 Prioris
979 4425 1054 4468 cum
1072 4415 1144 4468 toto
1160 4404 1262 4469 blado
1276 4386 1400 4474 'sititis‘
