3222 5086
355 359 425 432 130
575 337 651 411 The
677 337 1106 435 EyrootCombrz'clge,
1142 359 1232 432 1272
1335 336 1459 436 [Boon

403 714 454 775 41.
502 695 744 778 Cyrogroplrum
767 705 877 760 contro
909 694 1107 758 Willelmum
1130 693 1169 756 de
1191 689 1405 756 Dokeswrtlre.
1494 681 1499 688 ’

188 857 341 900 thlhmos
419 850 506 914 Item
533 852 576 914 de
603 850 774 914 Willelmo
800 851 844 913 de
871 848 1094 913 Dokeswrthe
1120 856 1155 912 et
1184 847 1252 910 suis
1282 842 1459 908 heredibus

188 909 284 1002 mis
351 954 546 1037 homagium
572 956 804 1037 proquodam
833 964 929 1037 prato
954 955 986 1016 in
1010 952 1129 1016 eadem
1153 950 1231 1015 villa
1253 959 1287 1013 et
1309 965 1459 1012 annuum

353 1058 521 1122 redditum
535 1109 541 1122 .
554 1079 631 1122 xxx
646 1108 652 1122 .
665 1057 885 1134 denariorum,
914 1058 1003 1121 vnde
1033 1055 1277 1140 cyrographum
1309 1051 1461 1116 similiter

353 1163 504 1227 leuatur1.

491 1421 542 1484 42.
587 1405 638 1468 Do
659 1403 808 1486 homagio
831 1401 970 1467 Domini
990 1402 1125 1466 Roberti
1146 1402 1183 1465 de
1204 1400 1328 1464 Inoo.

189 1577 320 1669 pfffipde
420 1565 505 1629 Item
538 1566 580 1629 de
610 1565 749 1630 domino
781 1565 931 1629 Roberto
967 1564 1009 1628 de
1047 1563 1162 1627 Insula
1196 1561 1389 1644 homagium
1427 1570 1462 1624 et

353 1692 501 1735 annuum
525 1670 966 1734 redditum.vi.solidorum
988 1691 1050 1753 pro
1073 1677 1159 1733 terra
1179 1687 1280 1751 quam
1302 1675 1395 1731 tenet
1417 1667 1462 1730 de

353 1775 450 1840 nobis
466 1776 498 1837 in
517 1775 717 1857 Ramptone.

605 2047 656 2112 43.
704 2027 824 2094 Contra
857 2029 1054 2096 Willelmum
1079 2031 1210 2096 Seman.

188 2198 303 2292 papam
420 2180 506 2244 Item
538 2182 580 2246 de
611 2181 782 2247 Willelmo
813 2184 938 2249 Seman
969 2184 1012 2248 de
1043 2181 1463 2268 Cantebrigia.v.solidos

352 2285 434 2367 et.ij
448 2286 618 2350 .denarios
637 2289 738 2351 annui
759 2288 909 2352 redditus
930 2288 963 2351 in
985 2291 1103 2352 eadem
1125 2311 1186 2373 pro
1205 2288 1353 2372 quodam
1375 2307 1462 2350 mes-

353 2391 452 2473 uagio
468 2391 558 2473 quod
576 2389 652 2455 fuit*

606 2597 679 2718 '44
727 2637 847 2703 contra
870 2639 1062 2704 Miconem
1087 2639 1191 2723 Pyot.

191 2815 299 2858 unani
420 2794 506 2858 Item
528 2797 571 2859 de
588 2795 753 2860 Michaele
775 2795 872 2879 Pylet
893 2817 996 2860 unum
1019 2795 1226 2879 mesuagium
1244 2817 1288 2861 ex
1304 2799 1462 2882 opposito

190 2866 271 2918 pm
352 2897 483 2980 gardini
504 2899 679 2981 hospitalis
701 2901 807 2963 sancti
829 2899 1020 2983 [Iohannis]
1042 2921 1101 2984 per
1123 2901 1289 2965 uenellam
1314 2904 1461 2967 mediam

353 3021 457 3084 prope
473 3004 588 3084 ripam.

606 3240 656 3306 45.
705 3223 826 3291 Contra
848 3227 1071 3310 reginaldum
1093 3227 1201 3292 Burol.

190 3394 313 3488 hihi&
422 3380 507 3445 Item
535 3391 650 3446 contra
678 3383 903 3466 Reginaldum
932 3385 1030 3450 Burel
1057 3387 1100 3449 de
1132 3386 1461 3470 Scheperethe.xii.

354 3485 508 3548 denarios
525 3487 625 3549 annui
643 3487 792 3550 redditus
809 3489 842 3550 in
858 3487 975 3551 eadem
993 3509 1068 3551 cum
1083 3497 1145 3553 etc.

592 3724 642 3802 46.
691 3721 813 3790 Contra
844 3725 1019 3790 Warinum
1041 3725 1220 3790 Merueille.

190 3897 314 3989 parm.
422 3885 507 3948 Item
539 3895 655 3949 contra
684 3885 857 3951 Warinum
890 3888 1062 3953 Merueille
1092 3890 1135 3953 de
1174 3891 1462 3975 Barentone.xij.

354 3989 508 4053 denarios
524 3991 625 4053 annui
642 3991 791 4056 redditus
808 3993 841 4055 in
853 3994 971 4057 eadem
989 3995 1079 4059 curia
1096 4003 1156 4058 etc.

403 4219 413 4252 ¹
431 4221 492 4270 Feet
503 4219 532 4271 of
543 4221 625 4280 Fines,
637 4223 702 4274 ease
714 4237 753 4286 25,
767 4223 822 4274 File
834 4240 875 4290 33,
888 4223 940 4274 No.
953 4243 977 4287 4.

403 4299 414 4332 ¹
429 4303 485 4352 The
495 4312 612 4355 sentence
623 4305 644 4354 is
655 4305 805 4357 unfinished.
838 4307 894 4359 The
906 4308 986 4359 scribe
997 4309 1043 4358 hes
1053 4305 1182 4372 evidently
1192 4307 1319 4373 iorgotten
1332 4307 1375 4360 the
1386 4325 1462 4362 name

355 4383 384 4434 of
392 4399 461 4436 some
472 4385 588 4454 previous
598 4402 691 4438 owner.
