3222 5086
349 359 418 427 144
678 335 772 409 Fz're
796 345 838 409 at
872 335 1107 410 Waterbeaclz
1330 333 1451 434 [soon

342 519 496 602 Johanne
518 521 549 585 le
570 521 674 599 Clerc,
697 520 848 586 Galfrido
868 521 911 586 de
926 521 1016 597 Tost,
1037 521 1190 603 Johanne
1210 520 1253 584 de
1272 521 1450 599 Colcestre,

345 626 493 690 Henrico
516 629 685 711 preposito
712 627 754 691 de
781 627 985 702 Cestertone,
1010 625 1184 691 Clemente
1208 625 1450 702 elemosinario,

181 729 248 772 ΗΜ
342 738 376 792 et
391 730 471 793 aliis
521 731 614 794 Idem
631 751 710 794 uero
727 730 851 795 Rector
867 729 997 794 iacebat
1012 732 1045 792 in
1062 730 1149 794 lecto
1170 729 1326 794 infirmus.
1373 731 1449 794 Pre-

181 781 227 821 Rnl
246 781 262 822 h
273 780 303 823 de

181 792 287 882 cfflpw
342 832 450 896 dictus
464 853 542 896 uero
554 833 710 897 dominus
719 833 889 916 Johannes
901 833 1083 896 monachus
1094 842 1128 896 et
1141 833 1289 896 Thomas
1302 832 1448 896 seruiens

197 880 204 921 r
239 911 244 923 .

180 881 220 922 de
342 937 413 1000 eius
428 946 637 1002 accesserunt
652 938 695 1001 ad
715 957 791 1001 eum
813 947 846 1000 et
867 947 1096 1020 exposuerunt
1117 938 1147 1000 ei
1169 937 1447 1020 protestacionem

342 1051 376 1105 et
399 1043 695 1106 denunciacionem
719 1042 842 1106 factam
866 1061 926 1124 per
947 1041 1154 1124 subpriorem
1179 1042 1222 1106 de
1248 1042 1449 1106 Bemewelle

342 1146 385 1210 de
405 1147 562 1230 expensis
585 1147 680 1211 sactis
702 1149 733 1210 in
756 1147 823 1223 lite,
838 1156 872 1212 et
892 1146 935 1212 de
955 1147 1126 1211 sentencia
1145 1156 1261 1210 contra
1281 1167 1358 1210 eum
1380 1145 1449 1210 lata

342 1252 376 1313 in
400 1253 490 1315 curia
513 1271 658 1314 romana.
706 1250 755 1314 At
779 1249 833 1314 ille
855 1259 964 1314 tactus
988 1249 1102 1314 dolore
1122 1250 1231 1314 cordis
1252 1250 1449 1313 intrinsecus

342 1354 478 1419 diuertit
497 1377 533 1419 se
554 1358 596 1421 ad
619 1357 788 1438 parietem,
805 1365 839 1419 et
860 1375 926 1418 non
948 1355 1056 1418 multo
1077 1363 1153 1436 post
1174 1355 1348 1438 expirauit.
1395 1353 1449 1418 De

341 1460 500 1541 expensis
530 1458 630 1523 nichil
661 1460 822 1523 hactenus
858 1460 1132 1542 recuperauimus‚
1163 1479 1224 1522 nec
1261 1458 1367 1522 eciam
1404 1459 1449 1523 ad

342 1563 488 1627 valorem
516 1565 612 1626 vnius
638 1563 737 1640 oboli,
762 1563 819 1626 sed
848 1571 979 1626 tantum
1007 1564 1249 1644 possessionem
1274 1561 1447 1645 pacificam

341 1666 546 1730 decimarum
570 1669 613 1730 de
635 1667 755 1750 quibus
777 1675 848 1730 erat
870 1666 1052 1730 contencio.

600 2002 652 2080 64
695 2001 747 2064 De
769 2000 911 2065 incendio
932 2000 972 2064 de
996 1998 1199 2064 Waterbeche.

180 2256 306 2299 nom,
409 2227 487 2289 Duo
510 2225 667 2307 carucarij
693 2225 812 2288 Prioris
833 2227 865 2288 in
890 2223 969 2288 villa
991 2224 1034 2289 de
1057 2221 1279 2288 Waterbeche
1301 2225 1448 2307 quadam

177 2307 441 2400 lllllllllnocte
472 2329 623 2392 inebriati
653 2339 870 2411 portauerunt
901 2329 1012 2411 ignem
1040 2331 1073 2393 in
1100 2329 1280 2406 boueriam,
1306 2341 1341 2393 et
1367 2331 1448 2413 ipsis

178 2407 584 2500 :lisll‘ff'dormientibus
609 2434 719 2496 subito
745 2434 849 2496 creuit
876 2433 1012 2497 flamma
1038 2442 1071 2497 et
1098 2433 1281 2498 combussit
1307 2435 1447 2498 domum

177 2508 279 2650 ἓξὲξ
342 2539 375 2601 in
413 2559 480 2622 qua
510 2538 671 2610 iacebant,
704 2546 739 2600 et
769 2557 885 2600 omnes
916 2538 1035 2601 domos
1065 2558 1130 2621 que
1160 2547 1255 2600 erant
1285 2537 1318 2600 in
1349 2540 1448 2614 curia,

215 2671 304 2752 ονοὶιιιῗί
341 2653 485 2725 excepto
511 2642 630 2705 horreo
656 2651 796 2704 tantum.
842 2641 930 2723 Equi
958 2641 1063 2704 eciam
1092 2652 1125 2705 et
1151 2642 1254 2705 boues
1281 2651 1314 2705 et
1338 2652 1448 2707 cetera

176 2721 328 2852 ffitimrid
340 2747 499 2810 animalia
521 2747 697 2809 combusta
719 2756 797 2809 sunt
819 2754 853 2808 et
877 2755 1017 2822 mortua,
1037 2755 1071 2809 et
1091 2746 1124 2808 in
1145 2755 1276 2810 tantum
1297 2745 1448 2811 fetebant

251 2840 257 2850 ’
341 2852 431 2933 quod
448 2848 648 2912 senescallus
663 2847 740 2911 lecit
755 2869 795 2910 ea
810 2846 1006 2911 festinanter
1020 2847 1160 2930 sepeliri.
1206 2848 1348 2912 Predicti
1368 2869 1447 2913 uero

340 2953 498 3035 carucarij
524 2974 581 3037 per
604 2952 782 3017 clamorem
807 2952 1000 3015 animalium
1024 2951 1156 3015 fuerunt
1179 2973 1199 3016 a
1222 2973 1365 3035 sompno
1387 2975 1447 3017 ex-

340 3059 530 3142 pergefacti,
545 3057 633 3121 vnde
649 3076 732 3119 vnus
754 3076 868 3119 eorum
889 3057 1043 3120 transiuit
1064 3077 1123 3140 per
1143 3057 1290 3120 medium
1312 3055 1447 3122 flamme

341 3165 469 3240 nudus;
501 3173 534 3226 et
558 3161 644 3224 male
667 3172 896 3225 concrematus
919 3161 1012 3244 quasi
1035 3181 1150 3225 amens
1172 3160 1256 3243 sugit
1277 3181 1382 3244 usque
1403 3163 1445 3226 ad

340 3270 453 3334 villam
476 3269 519 3333 de
544 3268 721 3350 Impitone‚
743 3277 778 3332 et
801 3268 967 3331 residuum
992 3268 1098 3331 tocius
1124 3268 1191 3330 uite
1218 3289 1276 3330 sue
1299 3269 1385 3331 vixit
1412 3269 1445 3332 in
1542 3341 1545 3344 ,

340 3374 507 3458 languore.
553 3372 652 3437 Alter
666 3393 745 3435 uero
761 3372 956 3448 carucarius,
971 3372 1100 3435 exitum
1121 3373 1268 3435 inuenire
1289 3372 1449 3448 nesciens,

339 3490 570 3543 concrematus
586 3486 636 3541 est
652 3498 757 3559 usque
772 3477 813 3540 ad
828 3487 979 3552 mortem,
991 3475 1078 3539 vnde
1090 3497 1209 3558 corpus
1226 3477 1295 3539 eius
1313 3478 1448 3540 misera·

339 3583 406 3648 bile
427 3585 600 3647 inuentum
621 3588 671 3643 est
693 3579 725 3642 in
748 3579 892 3643 crastino
914 3580 957 3642 ad
980 3581 1117 3643 modum
1139 3580 1230 3662 porci
1254 3579 1399 3656 ustulati,
1413 3590 1448 3644 et

340 3686 438 3751 ualde
454 3685 609 3749 horribile
626 3687 668 3748 ad
686 3683 938 3768 inspiciendum.
978 3684 1070 3747 Prior
1085 3705 1164 3747 uero
1180 3693 1214 3748 et
1230 3683 1379 3747 canonici
1396 3685 1447 3748 sui

340 3793 458 3856 eodem
475 3800 626 3874 tempore
646 3789 787 3853 multum
810 3786 904 3852 erant
926 3790 1055 3872 grauati
1078 3799 1212 3872 propter
1233 3788 1446 3853 amissionem

339 3896 584 3980 temporalium,
600 3897 658 3959 sed
676 3893 784 3956 multo
800 3895 907 3974 magis
923 3893 1104 3976 angustiati
1124 3895 1156 3956 in
1178 3903 1290 3956 mente
1312 3902 1449 3975 propter

240 4015 257 4066 s.
272 4016 326 4080 5312
340 4001 555 4065 infortunium
579 4001 761 4062 hominurn.
807 3996 1072 4080 Verumptamen
1096 4005 1273 4060 coronator
1289 3995 1335 4059 ita
1350 4007 1448 4061 caute

339 4104 415 4170 lecit
427 4105 570 4168 officium
583 4123 679 4167 suum
692 4101 782 4184 quod
798 4101 889 4164 Prior
900 4098 1012 4183 quoad
1025 4100 1149 4163 curiam
1162 4100 1248 4181 regis
1260 4101 1446 4182 dampnum

339 4231 405 4275 non
422 4210 539 4274 habuit
553 4227 616 4274 nec
631 4208 801 4271 iacturam.
