3222 5086
368 383 434 454 ¹4²
660 359 751 436 Casa
776 359 826 457 of
842 359 1004 434 [sabella
1032 358 1169 434 Chivr'n
1349 357 1470 457 [soon

458 624 509 688 62.
553 622 606 685 Dr
637 621 782 687 l'sabella
807 620 933 704 Chyur'n
955 621 1153 688 Inrotulacio
1177 622 1372 706 Cantebn'gl

197 802 351 896 ffigfflws
416 812 508 865 Datus
521 821 563 865 est
577 810 638 867 dies
653 810 774 865 lsabelle
791 811 847 865 filie
862 809 1002 880 Johannis
1019 809 1120 866 Chiuin
1138 811 1174 866 de
1192 813 1306 865 Brunne
1323 811 1427 880 petenti
1440 819 1470 864 et

196 903 305 997 {lma
362 896 503 952 Roberto¹
522 898 633 968 Chyuin
654 899 759 954 tenenti
779 901 816 954 de
834 900 978 955 audienda
995 897 1132 955 electione
1150 900 1186 954 de
1203 917 1259 954 vno
1277 899 1423 969 mesuagio
1440 908 1470 953 et

198 1005 255 1058 ¹²⁸³·
290 984 296 1004 '
361 997 469 1055 septem
492 986 565 1041 acris
587 997 660 1041 terre
681 1005 745 1042 cum
767 987 948 1057 pertinenciis
971 988 999 1041 in
1022 987 1150 1042 Brunne:
1175 996 1203 1042 et
1222 987 1315 1042 eidem
1336 987 1469 1042 Ysabelle

360 1075 467 1146 petenti
480 1085 508 1132 et
521 1075 665 1130 Willelmo
682 1075 719 1130 de
736 1075 986 1130 Sabristesworthe
1002 1076 1110 1130 tenenti
1128 1076 1164 1130 de
1180 1085 1289 1146 septem
1306 1075 1379 1131 acn's
1396 1085 1469 1130 terre

360 1180 424 1220 cum
446 1163 627 1234 pertinenciis
649 1163 677 1218 in
701 1166 831 1230 Brunne;
858 1173 887 1220 et
906 1163 999 1218 eidem
1024 1164 1145 1219 lsabeile
1166 1163 1272 1236 petenti
1295 1173 1322 1218 et
1343 1163 1469 1234 Johanui

359 1253 396 1308 de
410 1253 564 1308 Caldecote
581 1251 688 1308 tenenti
707 1252 742 1306 de
759 1251 849 1308 tribus
867 1251 943 1306 rodis
960 1260 1033 1306 terre
1051 1268 1115 1306 cum
1130 1251 1311 1324 pertinenciis
1324 1251 1353 1306 in
1367 1252 1468 1306 eadem

360 1338 434 1406 villa,
455 1355 472 1391 a
490 1339 536 1394 die
556 1339 645 1394 sancti
664 1339 814 1394 Michaelis
833 1338 938 1393 intres
958 1339 1133 1408 septimanas
1151 1356 1202 1410 pro
1221 1339 1331 1394 delectu
1349 1349 1470 1410 quatuor

360 1426 480 1482 militum
494 1427 560 1498 quia
573 1427 666 1482 nullus
679 1427 762 1482 venit.
802 1427 872 1482 ldeo
886 1427 1044 1482 vicecomes
1058 1428 1162 1482 habeat
1174 1443 1293 1498 corpora
1305 1443 1402 1481 eorum
1415 1437 1467 1482 etc

414 1515 452 1568 Et
474 1515 574 1570 eadem
597 1516 721 1570 isabella
739 1515 825 1587 peciit
845 1533 942 1570 versus
966 1515 1092 1570 Priorem
1114 1515 1150 1570 de
1173 1515 1343 1570 Bemewelle
1365 1529 1468 1568 nouem

360 1618 441 1656 acras
461 1613 533 1658 terre
551 1620 615 1658 curn
634 1601 815 1673 pertinenciis
834 1604 863 1656 in
885 1604 1007 1668 Brunne,
1026 1614 1056 1657 ut
1072 1603 1119 1672 jus
1138 1619 1220 1657 suum
1238 1613 1290 1657 etc.
1330 1603 1366 1656 Et
1389 1601 1470 1657 Prior

261 1697 278 1746 l.
292 1697 347 1761 sab
361 1691 432 1746 alias
453 1692 531 1747 uenit
551 1691 606 1760 hic,
628 1701 656 1746 et
676 1693 771 1762 posuit
791 1709 821 1746 se
842 1692 871 1746 in
893 1707 1028 1760 magnam
1048 1707 1177 1761 assysam
1196 1691 1305 1745 domini
1325 1690 1420 1758 Regis,
1440 1700 1469 1745 et

360 1779 446 1852 peciit
465 1778 690 1849 recognicionem
709 1779 776 1846 fieri,
794 1789 887 1834 vtrum
907 1779 967 1850 ipse
985 1779 1077 1834 maius
1096 1780 1139 1833 ius
1158 1779 1274 1834 haberet
1293 1779 1321 1834 in
1341 1777 1469 1850 predicto

360 1877 531 1936 tenemento,
544 1885 581 1922 an
595 1869 657 1937 ipsa
672 1868 802 1922 lsabella.
841 1867 886 1922 lta
902 1867 980 1940 quod
999 1867 1123 1922 isabella
1139 1865 1238 1922 habuit
1255 1867 1331 1921 diem
1348 1863 1418 1938 [hic]
1430 1866 1468 1922 ad

359 1959 435 2012 hunc
449 1957 531 2012 diem
570 1955 608 2009 Et
620 1955 684 2026 ipsa
696 1956 891 2025 sollempniter
906 1963 1009 2009 uocata
1024 1955 1117 2024 primo
1133 1965 1162 2009 et
1175 1954 1300 2008 secundo
1313 1953 1358 2007 die
1370 1953 1467 2024 placiti

361 2063 417 2100 non
431 2045 516 2100 uenit.
555 2043 592 2098 Et
606 2043 748 2116 predictus
763 2043 843 2098 Prior
854 2042 930 2114 capit
944 2059 974 2098 se
986 2041 1094 2111 precise
1107 2042 1144 2097 ad
1156 2042 1312 2112 predictam
1325 2042 1468 2097 defaltam.

361 2135 399 2188 Et
423 2132 550 2203 predicta
577 2131 701 2186 isabella
726 2147 782 2185 non
802 2141 896 2202 potest
918 2130 1075 2200 predictam
1097 2130 1229 2185 defaltam
1250 2147 1357 2185 sanare.
1397 2131 1469 2185 ldeo

359 2221 569 2277 consideratum
590 2221 731 2291 estquod
753 2219 896 2290 predictus
918 2220 997 2275 Prior
1016 2230 1111 2275 teneat
1132 2221 1227 2290 quiete
1245 2220 1372 2290 predicta
1390 2228 1468 2274 tene·

359 2321 456 2366 menta
469 2309 522 2365 sibi
535 2321 564 2366 et
577 2309 787 2364 successoribus
800 2308 858 2364 suis
871 2308 908 2364 de
920 2309 1047 2380 predicta
1063 2309 1185 2363 isabella
1201 2317 1229 2362 et
1244 2307 1395 2364 heredibus
1408 2307 1467 2362 suis

359 2398 562 2470 inperpetuum.

427 2513 501 2576 Hec
531 2511 727 2576 inrotulacio
765 2511 950 2575 inuenietur
982 2510 1016 2574 in
1047 2511 1164 2575 rotulis
1195 2511 1393 2594 placitorum
1424 2511 1467 2575 de

360 2617 504 2682 termino
525 2617 651 2680 Pasche
666 2635 756 2680 anno
772 2616 864 2697 regni
885 2616 971 2698 regis
993 2615 1170 2680 Eadwardi
1192 2618 1294 2680 tercio
1316 2617 1467 2682 decimo:

360 2723 515 2786 videlicet
529 2722 563 2784 in
581 2720 696 2785 rotulis
711 2721 754 2784 de
771 2739 884 2785 mense
901 2721 1051 2783 Pasche³.

563 2975 613 3056 63.
658 2971 825 3038 Placitum
846 2973 886 3036 de
907 2973 1038 3036 decimis
1059 2973 1097 3038 de
1119 2973 1263 3038 Histone.

198 3165 265 3208 now
427 3151 588 3232 Magister
610 3148 809 3230 Radulphus
829 3149 872 3212 de
888 3148 1061 3232 Croperia⁴
1079 3159 1186 3212 rector
1206 3149 1343 3214 ecclesie
1361 3157 1468 3219 sancti

199 3214 280 3266 Ralplt
290 3213 319 3256 de

196 3264 306 3358 &2333
361 3255 498 3319 Andree
513 3253 556 3316 de
574 3253 718 3315 Histone
734 3253 872 3316 accessit
888 3252 930 3316 ad
946 3253 1089 3317 Priorem
1106 3253 1149 3318 de
1167 3253 1368 3319 Bemewelie
1383 3267 1417 3320 et
1433 3259 1467 3321 in

196 3364 345 3465 iffifflssssifi·
361 3361 467 3426 forma
498 3359 589 3441 pacis
619 3368 653 3421 et
683 3358 806 3420 amoris
837 3358 976 3439 rogabat
1007 3379 1082 3422 eum
1114 3369 1150 3421 ut
1181 3361 1378 3423 concederet
1405 3363 1467 3426 sibi

197 3465 300 3559 fflgmv
359 3465 506 3530 decimas
532 3484 609 3526 suas
633 3464 675 3527 de
705 3461 850 3525 Histone
872 3462 915 3525 ad
939 3483 1053 3525 verum
1081 3461 1228 3526 valorem
1252 3465 1468 3544 decimarum,

196 3573 336 3661 gamos
361 3578 548 3653 protestans
570 3589 605 3631 se
627 3567 712 3630 uelle
733 3567 840 3630 facere
861 3588 995 3631 omnem
1018 3569 1229 3631 securitatem
1246 3588 1305 3651 per
1320 3569 1466 3652 sigillum

195 3668 334 3713 *ΜΨ*
363 3673 521 3756 Episcopi
537 3682 571 3735 et
581 3670 727 3754 Capituli
746 3670 901 3754 Elyensis
917 3672 959 3734 ad
978 3671 1254 3753 indempnitatem
1272 3673 1410 3738 ecclesie
1425 3676 1468 3739 de

362 3773 570 3841 Bemewelle.
632 3773 700 3838 Sed
732 3773 824 3838 Prior
854 3777 888 3837 ei
918 3784 1103 3839 conuentus
1133 3777 1367 3858 sponsionibus
1397 3780 1468 3844 eius

360 3881 573 3965 adquiescere
596 3879 781 3943 noluerunt.
829 3879 998 3942 Predictus
1020 3899 1098 3943 uero
1120 3881 1278 3962 magister
1297 3883 1414 3949 videns
1433 3906 1468 3948 se

409 4076 418 4108 ¹
436 4076 498 4127 This
509 4077 579 4126 word
590 4075 611 4126 is
623 4075 649 4124 in
661 4075 703 4125 the
714 4074 811 4139 margin
823 4073 853 4124 oi
861 4074 904 4124 the
915 4074 971 4124 roll.

409 4158 585 4218 ’Robertum
606 4157 663 4208 MS.

408 4243 419 4276 ⁸
435 4243 476 4293 De
489 4242 574 4292 Banco
588 4240 666 4298 Polis,
680 4241 731 4290 No.
742 4242 782 4303 58,
795 4241 855 4290 Roll
870 4255 908 4306 ²9.

406 4325 417 4358 ⁴
434 4323 573 4376 Described
583 4324 610 4373 in
624 4325 687 4387 ¹²5⁸
695 4339 723 4373 as
735 4321 820 4388 Ralph
828 4322 861 4372 de
873 4323 994 4389 Cropper,
1005 4324 1123 4390 chaplain
1134 4331 1161 4376 to
1172 4341 1187 4374 a
1198 4326 1318 4376 cardinal.
1341 4329 1469 4380 Calendar

357 4409 477 4475 osPapal
485 4408 616 4472 Regritrrs.
629 4406 669 4456 ed.
685 4405 758 4463 Bliss‚
771 4404 788 4454 i.
801 4403 859 4469 356.
