3222 5086
149 381 209 482 111]
401 386 440 459 T
434 386 478 460 hc
501 387 598 461 land
618 388 665 486 cys
689 386 849 462 Thomas
881 387 919 460 T
914 388 1014 486 uylet
1189 409 1255 483 117

149 580 266 654 petens
302 582 339 636 ut
375 571 443 636 filio
481 582 515 636 et
550 573 664 638 heredi
699 585 732 638 et
767 575 858 657 quod
894 575 962 639 tale
997 576 1041 640 sit
1063 577 1127 642 ,ius
1160 595 1256 641 suum

149 673 254 752 offert,
278 684 338 740 etc.

215 779 262 843 Et
286 778 376 843 Prior
396 779 489 844 uenit
509 790 543 844 et
564 779 714 845 defendit
737 781 788 844 ius
811 801 908 846 suurn
925 793 960 846 et
979 782 1115 866 quando
1138 794 1199 849 etc.
1223 794 1257 848 et
1271 807 1422 850 rhemor·

148 882 230 948 dicit
259 885 351 966 quod
381 885 549 967 predictus
582 886 747 950 Robertus
778 887 880 950 nichil
910 887 1056 952 clamare
1086 898 1198 972 potest
1224 890 1257 953 in
1271 858 1383 902 dmm

149 988 307 1070 predictis
323 991 529 1054 tenementis.
577 989 669 1055 Dicit
689 992 778 1054 enim
801 992 892 1073 quod
914 991 1083 1074 predictus
1098 993 1258 1070 Thomas,

148 1093 191 1156 de
213 1092 308 1157 cuius
328 1095 463 1174 saysina
486 1077 556 1176 ipse
580 1095 665 1177 petit
688 1095 838 1177 predicta
861 1104 1062 1173 tenementa,
1083 1117 1150 1161 non
1174 1096 1260 1179 obijt

149 1198 295 1278 seysitus
310 1196 353 1261 de
367 1196 493 1261 eisdem
516 1200 724 1275 tenementis,
740 1200 819 1281 quia
835 1199 916 1263 dicit
936 1201 1026 1282 quod
1044 1221 1104 1283 per
1120 1200 1257 1284 longum

149 1309 285 1384 tempus
314 1311 393 1365 ante
421 1311 563 1366 mortem
590 1323 683 1366 suam
713 1301 865 1367 feoffauit
895 1303 1005 1386 ipsum
1038 1305 1184 1368 Priorem
1215 1304 1258 1368 de

150 1405 307 1486 predictis
330 1406 529 1470 tenementis
550 1416 585 1470 et
607 1407 781 1471 ecclesiam
805 1427 900 1470 suam
924 1406 967 1471 de
990 1406 1201 1484 Bernewelle,
1224 1416 1258 1471 et

149 1508 259 1590 ipsum
291 1509 325 1572 in
359 1509 543 1592 plenariam
578 1531 759 1594 saysynam
790 1509 910 1594 posuit,
941 1519 975 1574 et
1004 1520 1132 1575 cartam
1162 1531 1257 1574 suam

150 1613 192 1676 de
231 1611 446 1678 feoffamento
484 1615 514 1678 ei
552 1615 630 1679 inde
672 1615 759 1692 fecit,
800 1635 902 1698 quarn
944 1614 1078 1697 profert,
1117 1625 1151 1678 et
1193 1635 1258 1697 que

149 1726 292 1781 testatur
317 1719 407 1801 quod
436 1719 525 1782 idem
553 1719 703 1782 Thomas
730 1719 824 1784 dedit
851 1728 886 1783 et
912 1719 1077 1783 concessit
1107 1718 1258 1802 predicto

151 1823 254 1886 Priori
285 1832 320 1887 et
348 1823 486 1887 ecclesie
516 1843 574 1887 sue
604 1825 752 1906 predicte
784 1825 817 1886 in
849 1823 987 1887 liberam
1015 1833 1049 1888 et
1075 1844 1193 1906 puram
1223 1833 1258 1888 et

150 1937 345 2009 perpetuam
372 1929 588 1993 elemosinam
617 1931 649 1993 in
677 1940 886 2014 perpetuum,
913 1939 947 1994 et
974 1929 1065 2013 quod
1089 1928 1257 2012 predictus

150 2032 299 2097 Thomas
322 2043 357 2098 et
383 2034 521 2099 heredes
548 2036 598 2098 sui
622 2033 915 2118 warant[izabunt]
943 2043 1003 2098 etc.
1049 2033 1150 2097 Vnde
1176 2034 1257 2098 dicit

150 2135 240 2219 quod
277 2139 304 2201 si
340 2137 461 2222 aliquis
496 2140 581 2203 alius
617 2141 726 2223 ipsum
765 2139 987 2222 implacitaret
1021 2136 1065 2201 de
1100 2136 1257 2220 predictis
1271 2140 1288 2190 f.
1299 2139 1356 2204 rab

151 2245 359 2318 tenementis,
388 2244 555 2327 predictus
588 2245 756 2309 Robertus
783 2253 952 2308 teneretur
981 2245 1011 2308 ei
1043 2245 1259 2308 warantizare

150 2347 298 2429 predicta
321 2367 380 2430 per
401 2348 585 2430 predictam
609 2359 736 2413 cartam
760 2358 823 2412 etc.

421 2593 470 2654 28.
516 2589 568 2652 De
588 2587 774 2652 nominibus
795 2588 988 2654 iuratorum.

217 2752 263 2816 Et
287 2754 455 2835 predictus
485 2753 651 2815 Robertus
676 2751 757 2815 dicit
781 2750 872 2833 quod
898 2751 1048 2832 predicta
1075 2759 1166 2814 carta
1191 2771 1258 2814 non
1273 2768 1385 2860 nappe·

151 2854 252 2919 debet
279 2857 309 2919 ei
336 2876 463 2932 nocere,
489 2857 568 2939 quia
595 2855 676 2919 dicit
702 2853 792 2937 quod
823 2853 1103 2938 qualemcumque
1131 2863 1257 2918 cartam
1271 2829 1375 2911 dale*

153 2960 276 3042 profert
306 2960 368 3024 sub
404 2961 539 3023 nomine
574 2961 714 3043 predicti
745 2958 878 3022 Thome
913 2958 1045 3040 Tuylet,
1077 2959 1139 3022 fuit
1169 2959 1258 3023 idem

153 3064 302 3128 Thomas
337 3065 370 3127 in
407 3084 552 3146 saysyna
588 3063 630 3126 de
661 3061 811 3146 predicto
841 3070 1035 3126 tenemento
1069 3073 1149 3126 ante
1181 3083 1259 3126 con-

152 3169 328 3234 fectionem
360 3169 507 3253 predicte
537 3178 636 3244 carte,
662 3177 697 3232 et
727 3179 803 3250 post
834 3167 1077 3232 confectionem
1107 3177 1198 3232 carte
1224 3169 1258 3231 in

150 3275 298 3359 plenaria
327 3295 475 3357 saysyna
503 3293 635 3355 semper
661 3282 695 3337 et
721 3281 800 3354 post
826 3281 860 3335 et
890 3268 967 3333 inde
998 3269 1084 3352 obijt
1114 3273 1258 3353 seysitus

151 3389 188 3442 ut
203 3378 246 3442 de
261 3378 376 3455 feod0;
399 3387 434 3442 et
448 3378 538 3460 quod
556 3379 601 3440 ita
617 3378 661 3441 sit
676 3377 773 3459 ponit
787 3397 822 3440 se
838 3396 938 3458 super
953 3376 1094 3458 patriam
1111 3385 1145 3438 et
1160 3396 1260 3458 super

149 3493 252 3548 testes
269 3484 459 3546 nominatos
482 3481 514 3545 in
531 3482 681 3564 predicta
697 3492 796 3545 carta.
844 3479 890 3542 Et
906 3481 981 3543 ideo
997 3490 1191 3563 preceptum
1208 3493 1259 3545 est

151 3587 347 3653 Vicecomiti
364 3587 455 3670 quod
472 3589 585 3651 uenire
602 3587 701 3651 faciat
718 3587 749 3649 in
766 3585 911 3649 crastino
927 3585 1113 3648 animarum
1131 3585 1257 3649 Willel-
1274 3609 1407 3655 unmeuor

154 3713 244 3756 mum
267 3692 310 3755 de
331 3691 452 3770 Stowe,
470 3693 640 3774 Rogerum
663 3693 706 3755 de
729 3691 859 3774 Wykes
882 3691 1044 3754 Maiorem
1068 3690 1111 3754 de
1136 3689 1256 3755 Cante-
1270 3663 1402 3757 ild-lum

152 3763 1370 3880 brigiaRobertumdesanctoEadmundo‚EustachiumDunning,¹³⁰⁰*

154 3899 316 3965 Leonium
343 3901 513 3983 Dunning,
535 3900 741 3965 Willelmum
761 3900 851 3977 Tele,
873 3900 1062 3982 Johannem
1083 3899 1125 3963 de
1150 3899 1259 3974 Toste,

152 4013 253 4066 testes
277 4004 466 4067 nominatos
489 4013 559 4079 etc,
580 4013 614 4066 et
638 4013 748 4086 preter
770 4003 844 4065 illos
859 4003 924 4066 .xii.
948 4013 1018 4066 tam
1044 4002 1174 4077 milites,
1197 4011 1258 4066 etc.

153 4115 222 4169 tarn
244 4107 287 4170 de
309 4106 472 4170 forinseco
491 4127 593 4188 quam
615 4105 756 4170 devilia
780 4105 994 4189 Cantebrigie
1016 4107 1058 4169 ad
1085 4125 1259 4188 recognos-

154 4213 294 4276 cendum
321 4213 347 4275 si
373 4211 542 4295 predictus
569 4211 719 4274 Thomas
742 4233 824 4275 auus
848 4211 988 4295 predicti
1014 4211 1153 4274 Roberti
1176 4209 1259 4272 obiit

155 4319 299 4400 seysitus
322 4316 365 4380 de
386 4317 542 4400 predictis
565 4317 774 4392 tenementis,
792 4316 877 4378 sicut
899 4313 1068 4397 predictus
1093 4312 1260 4376 Robertus

154 4421 243 4498 dicit,
265 4420 317 4484 vel
341 4422 367 4483 si
393 4421 481 4483 idem
505 4419 654 4484 Thomas
679 4418 828 4483 feoflauit
848 4418 1033 4502 predictum
1056 4417 1202 4481 Priorem
1226 4427 1259 4480 et
