3192 5102
379 387 451 454 ²90
548 363 585 436 T
578 373 710 437 enanis
736 363 778 436 z'n
806 362 1026 460 Cambn'dge
1051 365 1133 437 and
1152 365 1318 438 Mordcn
1366 363 1481 463 [soor

443 550 623 635 Helewysa
654 551 755 615 lotrix
790 561 883 615 tenet
915 571 1017 614 vnum
1054 551 1262 632 mesuagium
1293 549 1338 614 ad
1376 549 1484 612 Dame
1567 543 1569 576 r

379 654 632 732 Nicholishithe,
654 666 688 720 et
710 656 820 720 reddit
844 657 921 720 inde
944 675 1159 738 perannum.

442 760 599 844 [Summa
611 762 716 843 .xxij.¹
727 758 822 843 ,iiij.‘¹;
845 761 987 826 Summa
998 779 1203 824 summarum
1216 755 1324 824 .xxv.¹¹
1336 759 1390 840 .vj.
1417 753 1484 838 ,xil

1285 865 1339 927 ob.
1355 862 1484 946 quadr]

444 973 489 1036 Et
510 973 682 1037 sciendum
703 983 754 1036 est
775 973 865 1054 quod
890 971 1150 1036 Elemosinarius
1172 981 1207 1035 et
1230 969 1440 1034 infirmarius
1453 979 1484 1030 et

378 1076 624 1141 Refectorarius
647 1075 772 1140 habent
799 1077 910 1159 plures
937 1075 1085 1140 redditus
1113 1077 1146 1138 in
1168 1075 1247 1138 villa
1271 1073 1485 1154 Cantebrigie

377 1183 421 1246 de
440 1181 562 1265 quibus
585 1180 676 1245 nulla
696 1180 735 1245 fit
757 1183 888 1246 mencio
911 1183 943 1244 in
966 1183 1029 1245 hoc
1052 1182 1231 1256 uolumine,
1245 1180 1326 1261 quia
1349 1179 1416 1262 ipsi
1432 1197 1486 1260 per

378 1286 505 1370 seipsos
525 1296 559 1350 et
580 1307 639 1370 per
661 1287 843 1352 seruientes
862 1307 940 1350 suos
955 1284 1082 1350 iaciunt
1102 1285 1251 1348 redditus
1266 1284 1359 1366 ipsos
1375 1282 1484 1346 leuari.

378 1391 643 1475 Verumptamen
660 1401 769 1455 certus
787 1411 861 1455 sum
877 1391 968 1475 quod
984 1411 1101 1454 omnes
1117 1387 1266 1453 redditus
1280 1388 1486 1471 pertinentes

377 1496 420 1560 ad
459 1515 672 1560 communem
711 1515 777 1559 non
816 1495 964 1578 plenarie
1001 1494 1054 1557 hic
1091 1493 1287 1568 scribuntur,
1324 1492 1483 1574 quoniam

377 1603 522 1684 quedam
547 1611 625 1666 sunt
647 1601 755 1684 placie
777 1621 891 1677 uacue,
913 1599 1057 1683 quedam
1081 1599 1259 1674 submerse
1281 1608 1317 1661 et
1339 1599 1484 1680 quedam

379 1705 512 1783 incluse,
534 1707 578 1770 de
603 1705 723 1789 quibus
747 1724 807 1788 per
832 1705 955 1768 multos
982 1723 1088 1766 annos
1113 1701 1221 1766 nullus
1249 1701 1310 1765 suit
1335 1701 1486 1766 redditus

378 1809 516 1874 leuatus,

445 1914 491 1978 Et
505 1923 656 1997 preterea
672 1911 873 1977 Eustachius
891 1910 1053 1994 Dunuing
1067 1909 1196 1975 solebat
1212 1908 1354 1972 reddere
1368 1908 1485 1972 decem

377 2020 501 2084 solidos
515 2041 573 2104 per
585 2039 709 2083 annum
720 2039 780 2100 pro
792 2017 909 2100 viginti
923 2017 1006 2080 acris
1017 2027 1104 2081 terre
1114 2025 1148 2080 et
1157 2014 1288 2078 duabus
1300 2011 1443 2097 shoppis
1455 2014 1484 2077 in

377 2122 457 2200 s0r0,
469 2122 559 2186 vnde
570 2121 711 2186 habetur
722 2120 811 2185 bona
827 2130 925 2185 carta
958 2119 1119 2186 Similiter
1130 2118 1286 2183 dominus
1300 2117 1486 2201 Phylippus

377 2225 420 2291 de
442 2226 556 2291 Insula
579 2226 708 2291 solebat
732 2225 870 2289 reddere
889 2225 1007 2308 viginti
1029 2222 1182 2288 denarios
1201 2243 1260 2306 per
1281 2243 1410 2286 aunum
1428 2243 1487 2305 pro

377 2329 533 2395 domibus
558 2330 696 2394 Roberti
722 2328 856 2395 Seman.
904 2329 989 2394 ltem
1015 2329 1186 2413 Johannes
1213 2327 1244 2390 le
1271 2327 1343 2391 Rus
1369 2328 1485 2410 viginti

377 2445 455 2501 octo
477 2433 601 2501 solidos
624 2435 678 2519 .xj.
702 2436 856 2500 denarios
878 2454 939 2517 per
962 2455 1096 2499 annum.

444 2541 490 2606 Et
506 2541 616 2625 plures
630 2541 686 2624 alij
704 2540 857 2605 solebant
872 2538 1021 2604 redditus
1036 2538 1147 2622 plures
1164 2536 1301 2602 reddere
1313 2538 1371 2620 qui
1385 2539 1486 2602 modo

378 2644 626 2720 subtrahuntur,
640 2653 674 2708 et
690 2645 765 2709 ideo
780 2643 834 2708 hic
849 2665 916 2709 non
933 2644 1127 2708 scribuntur.

623 2950 670 2999 12.
715 2931 874 2998 Mordent
895 2932 1056 3016 (Guilden
1082 2931 1247 3011 Morden).

285 3117 365 3182 r.164
446 3105 507 3170 lsti
544 3115 622 3170 sunt
659 3105 751 3170 liberi
789 3114 942 3169 tenentes
982 3103 1102 3169 Prioris
1139 3115 1173 3168 et
1210 3103 1407 3168 Conueutus
1445 3103 1486 3166 de

380 3227 589 3292 Bernewelle
637 3227 677 3290 In
702 3227 884 3291 Mordoue:

443 3383 632 3448 Willelmus
653 3381 739 3447 lilius
759 3383 923 3465 Johanois
944 3383 987 3447 de
1008 3384 1099 3448 Cauz
1120 3389 1212 3446 tenet
1228 3380 1376 3463 quinque
1393 3401 1486 3444 acras

376 3497 462 3552 terre
484 3486 528 3551 de
550 3486 649 3552 feodo
673 3487 760 3551 Petri
783 3485 826 3551 de
849 3487 959 3551 Beche
983 3506 1041 3569 per
1065 3486 1258 3568 homagium
1286 3495 1321 3549 et
1344 3483 1405 3548 dat
1429 3505 1488 3566 per

377 3611 500 3657 annum
525 3591 667 3674 .xviij.d.,
690 3601 723 3657 et
746 3602 882 3666 sectam,
905 3599 939 3656 et
962 3590 1159 3674 scutagium.

444 3694 645 3761 Edmundus
665 3695 858 3780 capellanus
878 3705 971 3761 tenet
992 3699 1035 3761 de
1049 3695 1220 3759 Willelmo
1238 3693 1370 3758 Knotes
1384 3713 1485 3757 vnam

377 3821 488 3865 acram
505 3812 590 3866 terre
605 3803 649 3866 de
664 3801 763 3866 feodo
780 3803 936 3884 Hugonis
949 3803 991 3866 de
1004 3801 1114 3865 Brolre
1130 3811 1164 3864 et
1176 3797 1365 3863 Willelmus
1378 3799 1488 3864 reddit

378 3904 456 3970 inde
471 3926 530 3989 per
545 3927 669 3970 annum
687 3905 726 3988 ij.
744 3906 877 3972 solidos

443 4008 631 4074 Willelmus
661 4008 812 4075 Osebern
843 4017 937 4074 tenet
966 4009 1009 4072 de
1033 4008 1204 4073 Willelmo
1231 4007 1362 4072 Knotte
1385 4029 1486 4072 vnaru

377 4113 551 4180 dimidiam
582 4133 693 4178 acram
723 4124 809 4179 terre
840 4113 884 4177 de
915 4113 1013 4176 leodo
1045 4111 1202 4196 Hugonis
1231 4111 1274 4174 de
1305 4110 1425 4190 Brolre‚
1454 4122 1487 4176 et

376 4219 567 4283 Willelmus
589 4220 700 4284 reddit
723 4219 801 4283 iude
823 4239 883 4302 per
906 4237 1032 4281 annum
1056 4217 1155 4300 .xij.d.

444 4321 613 4388 Galsridus
630 4321 793 4387 Nekebon
809 4331 903 4386 tenet
915 4341 1015 4386 vnam
1032 4341 1142 4385 acram
1160 4330 1244 4385 terre
1260 4329 1295 4384 et
1311 4319 1484 4385 dimidiam

377 4435 411 4490 et
427 4426 536 4491 reddit
552 4425 630 4490 iude
645 4446 704 4509 per
719 4443 845 4489 annum
862 4423 945 4508 .iij.d.
