3192 5102
342 389 414 459 244
626 365 822 441 Humlred
842 367 891 464 os
906 367 1019 466 Long
1042 369 1146 443 Stow
1327 367 1448 468 [Boon

340 553 569 636 geldabilibus.
611 553 739 617 ibidem
754 552 921 618 Robertus
937 554 979 617 de
996 553 1106 618 Beche
1121 563 1212 619 tenet
1228 555 1255 618 .i.
1272 556 1398 639 hydam
1415 565 1450 620 et

341 656 516 722 dimidiam
532 657 715 740 geldabiles
737 658 779 721 dc
796 657 955 722 Hamone
972 658 1079 722 Peche
1094 679 1154 742 per
1166 657 1343 724 dimidium
1360 658 1451 724 feodi

342 761 368 825 .i.
401 761 523 837 militis,
560 772 596 826 et
624 761 725 826 debet
755 763 798 826 ad
829 763 975 827 wardam
1008 762 1116 828 Castri
1147 763 1232 829 infra
1260 764 1313 828 iii.
1343 785 1451 830 annos

342 863 516 929 dimidiam
540 885 686 930 marcam
709 866 752 930 ad
776 865 860 931 duas
883 867 981 942 vices,
1004 876 1038 932 et
1059 867 1161 932 debet
1184 869 1391 951 pontagium.

407 969 569 1053 Herdwyc
605 970 826 1053 [Hardwick].
887 971 1040 1038 Libertas
1080 972 1235 1056 Elyensis
1272 971 1344 1056 [the
1384 973 1452 1055 Ely

343 1072 527 1158 franchise}

407 1179 528 1244 Ellesle
556 1178 737 1262 [Eitisley].
786 1179 951 1244 Henricus
978 1179 1020 1244 de
1052 1179 1172 1262 Longo
1203 1179 1334 1262 Campo
1357 1188 1453 1244 tenet

343 1283 477 1348 feodum
494 1284 521 1348 .i.
537 1283 681 1368 [militis]
703 1286 746 1349 de
767 1283 906 1350 baronia
925 1285 970 1350 de
989 1285 1180 1367 Mumbray,
1195 1294 1230 1350 ct
1244 1284 1395 1350 defendit
1416 1305 1453 1349 se

344 1407 404 1472 pro
426 1388 477 1453 iii.
501 1388 599 1472 hydis
613 1389 836 1471 geldabilibus
852 1399 887 1454 ct
903 1390 931 1453 .i.
947 1389 1037 1467 roda,
1052 1399 1086 1454 et
1107 1389 1208 1454 debet
1224 1391 1251 1454 .i.
1268 1399 1392 1453 sectam
1418 1397 1454 1451 et

343 1493 386 1556 de
409 1493 537 1556 auxilio
559 1494 763 1559 vicecomitis
787 1495 875 1560 ‚iiiia
899 1493 991 1572 .vi.d.‚
1013 1504 1048 1560 et
1071 1494 1172 1558 debet
1198 1493 1403 1578 pontagium.

412 1595 596 1662 Granteden
628 1597 746 1682 [Little
773 1597 973 1682 Gransden}
1019 1598 1172 1663 Libertas
1203 1596 1357 1681 Elyensis
1380 1596 1454 1680 [the

346 1701 412 1786 EIy
438 1701 622 1786 franchise}

412 1805 771 1892 Stowe[LongStow].
817 1808 1455 1890 ViilelmusdeStoweetBaldevynus

345 1913 527 1977 decadem
550 1923 667 1979 tenent
689 1915 728 1979 .ii.
752 1914 860 1999 hydas
883 1914 1067 1998 geldabiles
1090 1935 1149 1998 per
1170 1914 1346 1979 dimidium
1364 1912 1454 1978 feodi

346 2019 373 2081 .i.
397 2017 511 2082 militis
541 2021 584 2082 de
615 2017 715 2084 feodo
745 2020 877 2085 abbatis
907 2019 950 2084 de
982 2020 1179 2102 Rameseye‚
1208 2029 1244 2084 et
1272 2019 1399 2084 debent
1425 2020 1454 2083 .ἰ.

345 2132 469 2187 sectam
494 2133 528 2188 et
551 2123 622 2208 [de]
644 2127 772 2190 auxilio
794 2126 998 2190 vicecomitis
1029 2125 1118 2207 iiijs.
1166 2122 1294 2188 Ibidem
1322 2123 1453 2206 Symon

346 2225 554 2292 Camerarius
577 2238 670 2293 tenet
694 2228 721 2293 .i.
744 2228 870 2313 hydam
894 2226 1095 2312 geldabilem
1126 2247 1185 2310 per
1211 2227 1382 2308 socagium
1409 2227 1455 2290 de

345 2331 497 2396 Galirido
512 2332 555 2396 de
571 2331 726 2399 Scaiariis
747 2333 789 2398 de
811 2333 978 2409 Waddon‚
994 2342 1027 2397 et
1042 2332 1144 2396 debet
1166 2333 1192 2395 .i.
1209 2342 1334 2395 sectam
1350 2351 1453 2414 quam

346 2435 459 2500 Adam
491 2435 585 2501 Albt'
616 2437 693 2501 iacit
724 2459 785 2521 pro
818 2459 859 2501 eo
893 2439 925 2501 in
957 2438 1118 2502 comitatu
1149 2445 1184 2499 et
1215 2436 1330 2499 Petrus
1367 2433 1455 2499 filius

345 2539 534 2604 Alexandri
559 2561 620 2624 pro
643 2562 684 2604 eo
711 2541 743 2605 in
771 2541 954 2618 hundredo,
976 2549 1011 2604 et
1033 2542 1075 2604 de
1098 2539 1225 2604 auxilio
1248 2541 1455 2603 vicecomitis

346 2665 413 2708 six.
436 2642 599 2708 denarios.

228 2749 333 2813 turb
412 2749 731 2833 Brunne[Boume}
778 2749 945 2814 Robertus
966 2749 1046 2814 Mile
1062 2759 1155 2814 tenet
1171 2749 1305 2814 feodum
1321 2750 1454 2814 dimidii

347 2855 460 2920 militis
491 2855 533 2919 de
566 2855 723 2919 Hamone
754 2855 862 2919 Peche
892 2857 934 2919 de
964 2854 1090 2918 honore
1122 2855 1266 2930 PeuereI,
1291 2863 1323 2917 et
1351 2855 1455 2919 debet

346 2959 491 3023 wardam
508 2959 617 3024 Castri
637 2958 809 3022 dimidiam
833 2980 978 3023 marcam
995 2958 1080 3022 Infra
1095 2969 1161 3022 tres
1176 2977 1283 3021 annos
1304 2961 1346 3022 ad
1368 2961 1455 3022 duos

346 3063 442 3140 vices,
458 3073 492 3126 et
507 3063 607 3127 debet
628 3065 834 3148 pontagium.
883 3064 1012 3128 Ibidem
1030 3062 1161 3126 Alanus
1177 3061 1219 3126 de
1240 3062 1337 3126 Turri
1361 3072 1455 3128 tenet

348 3168 482 3232 feodum
518 3169 545 3232 .i.
582 3168 697 3232 militis
731 3169 774 3232 de
805 3168 930 3232 honore
966 3166 1189 3231 Richmondie
1223 3176 1256 3230 et
1292 3169 1394 3232 debet
1425 3170 1455 3234 .i.

347 3282 483 3348 sectam,
498 3272 590 3335 etde
605 3269 733 3334 auxilio
747 3271 951 3335 vicecomitis
967 3270 1031 3334 iis.
1076 3269 1208 3333 Ibidem
1223 3269 1395 3352 Johannes
1411 3271 1456 3335 de

347 3376 472 3459 Verley
483 3385 577 3439 tenet
591 3375 653 3440 ,vii
668 3375 776 3457 hydas
797 3384 882 3440 terre
896 3375 1021 3439 scilicet
1037 3375 1064 3440 .i.
1079 3373 1195 3438 hidam
1211 3383 1245 3438 et
1259 3383 1326 3438 tres
1342 3385 1457 3457 partes

347 3480 443 3544 vnius
458 3479 548 3563 hyde
564 3499 622 3561 per
638 3479 814 3543 dimidium
831 3478 918 3544 feodi
936 3477 1049 3542 militis
1065 3476 1108 3540 de
1124 3475 1223 3540 feodo
1240 3476 1378 3542 Roberti
1396 3477 1455 3542 filii

348 3584 487 3648 Walteri
504 3593 537 3646 et
553 3583 655 3647 debet
675 3585 702 3647 .i.
719 3593 854 3661 sectam,
870 3592 903 3648 ct
918 3582 961 3647 de
976 3583 1105 3647 auxilio
1121 3581 1324 3647 vicecomitis
1340 3585 1455 3650 .xxid.

348 3689 395 3753 Et
409 3689 581 3752 sciendum
603 3689 692 3771 quod
716 3687 840 3751 ibidem
861 3696 940 3776 sunt
955 3687 1022 3752 ,xii
1037 3685 1126 3770 hyde
1141 3694 1176 3750 et
1191 3685 1331 3750 dimidia
1345 3697 1457 3770 preter

347 3804 469 3859 terram
488 3793 607 3857 Prioris
630 3795 673 3857 de
697 3791 898 3858 Bemewclle
921 3802 954 3858 et
976 3801 1098 3856 terram
1123 3791 1244 3856 Prioris
1266 3793 1309 3856 de
1328 3791 1456 3860 Sancto

350 3899 469 3963 Neoto.

417 3999 642 4084 Gamelingeye
677 4000 919 4086 [Gamlingay].
978 4002 1147 4066 Robertus
1188 4002 1319 4068 Auenel
1362 4013 1456 4070 tenet

351 4107 485 4173 feodum
521 4105 652 4170 dimidii
688 4105 803 4170 militis
840 4107 883 4170 de
918 4107 1045 4170 honore
1081 4106 1240 4171 Bononie.
1286 4107 1455 4175 Walterus

351 4216 394 4278 de
406 4213 584 4294 Leycestre
596 4218 687 4275 tenet
700 4211 835 4275 feodum
852 4212 981 4275 dimidii
997 4212 1112 4276 militis
1127 4210 1170 4274 de
1185 4211 1304 4276 eodem
1320 4213 1455 4280 honore.

352 4316 520 4383 Gilbertus
547 4314 634 4378 filius
660 4315 790 4380 Thome
817 4326 909 4380 tenet
941 4315 1074 4381 feodum
1106 4315 1236 4380 dimidii
1268 4317 1383 4383 militis
1412 4323 1455 4386 de

352 4423 477 4488 honore
499 4419 541 4487 de
566 4419 684 4487 Neuiil.
