3212 5064
183 359 214 458 1]
438 361 501 457 Of
516 361 628 459 King
651 361 830 434 Edward
851 360 911 434 the
937 362 1046 434 First
1250 368 1297 457 63

183 545 314 610 clericis
330 547 495 610 decimam
513 548 610 611 unius
626 547 715 623 anni,
730 556 764 611 et
784 547 827 610 de
847 567 1011 611 consensu
1029 568 1116 631 pape
1132 548 1298 612 decimam

183 671 246 714 sex
262 671 439 727 annorum,
450 651 493 714 ad
507 649 784 735 proficiscendum
799 652 830 715 in
844 661 966 716 terram
980 663 1130 717 sanctam
1144 673 1151 729 ;
1170 662 1204 716 et
1221 653 1298 716 inde

183 755 322 820 taxacio
338 776 437 838 supra
453 755 590 820 modurn
607 757 719 839 grauis
735 757 824 820 sacta
839 767 899 834 est,
912 766 982 821 tam
999 757 1042 821 de
1058 757 1297 840 temporalibus

182 879 285 943 quam
313 861 547 943 spiritualibus.
595 863 672 925 Rex
701 861 909 926 Eadwardus
936 884 972 927 se
999 872 1155 946 preparat
1182 882 1296 926 uersus

183 973 308 1028 terram
333 975 485 1030 sanctam
509 976 544 1030 et
566 967 698 1030 diuerse
719 967 876 1031 naciones
897 977 1033 1050 propter
1051 985 1138 1044 eum,
1154 967 1296 1030 scientes

183 1068 255 1130 eius
279 1069 491 1151 probitatem.
536 1069 657 1134 Grauis
679 1069 847 1134 discordia
869 1080 944 1134 orta
967 1080 1018 1134 est
1041 1071 1128 1134 inter
1151 1067 1295 1152 Regem¹
1310 1074 1424 1168 gggffi

184 1172 324 1236 Francie
348 1184 383 1237 et
410 1173 538 1257 Regem
567 1174 700 1257 Anglie.
749 1174 826 1237 Rex
851 1175 1059 1240 Eadwardus
1084 1174 1445 1278 abiudicatus{sgffin

182 1287 235 1340 est
257 1277 300 1342 dc
322 1287 411 1342 terra
431 1277 606 1342 Vasconie.
663 1278 739 1341 Rex
763 1278 890 1361 Anglie
913 1297 1002 1341 anno
1026 1278 1117 1360 regni
1142 1279 1191 1341 sui
1215 1283 1295 1341 .xx⁰.
1309 1275 1414 1369 mg·

183 1381 240 1464 iijt
264 1383 368 1447 mittit
389 1385 575 1446 exercitum
600 1382 632 1446 in
657 1383 882 1459 Wasconiam,
900 1391 933 1444 et
957 1381 1029 1464 ipse
1051 1382 1140 1464 apud
1167 1380 1295 1444 Portes.
1310 1377 1435 1429 omens.

184 1505 291 1548 mowe
306 1496 444 1568 paratus
464 1496 536 1549 erat
556 1487 598 1549 ad
622 1485 914 1550 transfretandum.
961 1483 1137 1549 Walenses
1153 1484 1295 1548 scientes
1309 1495 1407 1589 §.03:33

185 1588 314 1670 Regem
338 1588 563 1653 Eadwardum
586 1589 618 1653 in
640 1599 714 1653 arto
735 1590 891 1672 positum,
907 1589 1026 1653 iterum
1048 1598 1185 1651 mouent
1200 1597 1443 1672 guer-Wnr.1o⁴

182 1713 265 1769 ram,
294 1702 328 1756 et
359 1692 485 1758 iaciunt
522 1695 708 1778 Principem
740 1694 887 1758 Maddoc
925 1694 1083 1758 Lewclini
1116 1692 1230 1766 filium,
1261 1704 1295 1757 et
1309 1659 1367 1700 *⁹⁵⁸

182 1809 293 1862 castra
317 1799 420 1882 Regis
443 1809 665 1882 prosternunt.
720 1799 816 1864 Tunc
839 1801 916 1863 Rex
938 1799 1058 1863 iterum
1081 1799 1114 1860 in
1137 1797 1294 1861 Walliam

183 1903 287 1980 uadit,
310 1904 366 1967 vbi
390 1923 493 1986 equos
516 1912 549 1966 et
573 1902 718 1986 equites’
741 1904 896 1987 perdidit.
941 1903 1096 1967 Tandem
1120 1902 1295 1966 Walenses

181 2007 322 2072 veniunt
344 2010 387 2073 ad
411 2027 538 2090 pacem,
554 2019 588 2072 et
612 2007 761 2072 Maddoc
785 2008 943 2091 Princeps
966 2009 1069 2090 gratis
1092 2027 1128 2070 se
1151 2006 1295 2086 reddidit
1309 2017 1445 2113 {ffi‘gssg‘

184 2114 280 2196 Regi.
336 2115 412 2177 Rex
436 2134 495 2196 per
517 2123 624 2178 totam
649 2112 811 2196 Angliam
834 2113 926 2197 capit
945 2111 1110 2176 decimam
1138 2131 1159 2174 a
1181 2110 1294 2194 laycis,
1310 2119 1449 2173 “turos

180 2227 315 2281 sextam
342 2239 363 2281 a
388 2217 617 2300 burgensibus,
640 2226 675 2281 et
701 2217 916 2281 medietatem
945 2237 965 2280 a
988 2214 1122 2292 clericis,
1145 2216 1188 2278 de
1211 2224 1293 2279 tem-

181 2321 351 2404 poralibus
394 2330 427 2386 et
468 2320 702 2404 spiritualibus.
764 2319 979 2404 Quapropter
1016 2319 1112 2383 multi
1150 2318 1294 2402 religiosi

180 2424 357 2508 deponunt
393 2425 564 2502 familiam,
598 2433 633 2488 et
670 2425 755 2487 sicut
792 2423 934 2487 scolares
973 2425 1093 2487 uiuunt
1126 2423 1169 2486 ad
1204 2443 1294 2487 com-

181 2534 344 2595 munam⁸.

236 2725 345 2780 Placita
362 2725 398 2780 de
415 2723 513 2780 iuratis
529 2733 557 2780 et
573 2723 671 2779 assisis
684 2740 781 2779 coram
798 2724 929 2794 Johanne
942 2723 978 2778 de
991 2723 1135 2792 Berewyk,
1149 2721 1293 2779 Willelmo
1307 2727 1448 2820 :ciffi-⁰¹⁶

180 2815 219 2871 de
241 2814 390 2884 Ormesby,
411 2815 543 2884 Johanne
568 2813 605 2868 de
631 2814 849 2882 Lythegreynes,
867 2813 999 2882 Johanne
1022 2811 1059 2867 de
1082 2812 1244 2882 Banquelle,
1264 2823 1292 2869 et
1306 2829 1400 2880 nnete,

182 2903 336 2960 Lamberto
366 2904 402 2958 de
426 2901 629 2972 Trikyngkam,
654 2900 821 2971 Justiciatijs
850 2899 958 2955 domini
984 2900 1071 2969 Regis
1096 2899 1292 2955 itinerantibus
1306 2878 1457 2982 ξ-Ῑέξζῖιῃ

180 2993 259 3063 apud
290 2989 502 3060 Cantebrigiam
528 2989 557 3044 in
583 2987 694 3044 octabis
722 2989 834 3044 Hillarii
861 3005 939 3044 anno
966 2989 1042 3056 regis
1068 2985 1115 3042 R*
1134 2985 1293 3059 E[dwardi]

179 3079 232 3135 filii
251 3078 339 3150 Regis
359 3077 476 3133 Henrici
495 3077 631 3132 vicesimo
649 3076 779 3148 septimo.

236 3167 315 3221 Prior
336 3165 373 3222 de
394 3165 566 3228 Bernewelle
587 3165 776 3220 summonitus
798 3165 850 3219 luit
869 3163 906 3218 ad
924 3164 1156 3234 respondendum
1176 3163 1292 3219 domino
1306 3159 1375 3251 th‘l‘le

1376 3215 1420 3252 nto

181 3253 279 3328 R[egi]
301 3255 338 3311 de
361 3253 468 3325 placito
492 3271 549 3326 quo
570 3266 695 3309 waranto
720 3256 825 3310 clamat
846 3255 953 3310 habere
974 3253 1066 3310 uisum
1087 3254 1175 3310 franci
1198 3253 1292 3326 plegii,
1306 3259 1457 3310 :mustene

179 3342 414 3399 emendacionem
431 3343 522 3398 assise
539 3341 621 3413 panis
638 3353 665 3398 et
682 3341 802 3398 ceruisie
819 3341 907 3397 fracte
924 3341 953 3394 in
967 3341 1153 3396 Chestertone
1166 3350 1193 3396 et
1205 3358 1292 3397 unam
1306 3309 1377 3403 3123}
1380 3309 1423 3403 ‘li‘

180 3431 280 3486 teriam
307 3448 357 3502 per
382 3447 488 3486 annum
514 3431 543 3485 in
570 3431 724 3486 Bernewell
752 3441 805 3484 etc.
853 3431 890 3484 Et
919 3428 995 3500 prior
1018 3429 1096 3483 uenit
1120 3438 1149 3483 et
1174 3445 1230 3498 quo
1254 3430 1291 3484 ad
1305 3411 1392 3514 ἓξὲξ,
1406 3464 1456 3506 ,Μ

180 3519 308 3590 predicta
332 3519 425 3573 uisum
446 3529 473 3574 et
494 3517 729 3574 emendacionem
751 3517 819 3573 dicit
841 3518 917 3588 quod
939 3517 1000 3588 ipse
1021 3517 1126 3572 clamat
1147 3514 1292 3574 libertates
1304 3513 1455 3605 23:23⁰·

179 3607 243 3662 illas
256 3607 361 3662 habere
377 3608 407 3661 iu
421 3607 616 3662 Chestertone.
655 3607 733 3661 Dicit
749 3606 826 3663 enim
839 3606 913 3677 quod
933 3607 1120 3661 Chestertone
1132 3605 1183 3660 luit
1196 3603 1292 3677 aliquo
1305 3612 1420 3654 che-ter-

179 3707 308 3766 tcmpore
320 3693 429 3749 domini
438 3693 577 3765 Johannis
591 3694 677 3763 Regis
690 3693 737 3747 aui
750 3691 857 3747 domini
872 3693 959 3763 Regis
972 3709 1048 3746 nunc
1060 3691 1108 3763 qui
1121 3709 1172 3762 per
1183 3705 1291 3748 cartam
1304 3668 1357 3704 ²⁰⁰⁰

179 3800 261 3837 suam
278 3782 419 3840 concessit
437 3783 513 3853 quod
529 3783 606 3854 prior
623 3793 650 3837 et
667 3781 798 3838 canonici
813 3783 849 3837 de
867 3781 1038 3837 Bemewelle
1051 3791 1167 3836 teneant
1179 3781 1215 3836 de
1228 3781 1291 3852 ipso

179 3870 297 3924 domino
321 3886 386 3940 rege
411 3867 464 3940 [et]
485 3869 636 3924 heredibus
656 3869 715 3923 suis
737 3868 936 3939 inperpetuum
957 3867 1115 3936 predictam
1137 3867 1233 3922 villam
1255 3867 1291 3922 de

179 3959 367 4014 Chestertone
382 3975 448 4013 cum
466 3957 597 4012 omnibus
614 3957 795 4027 pertinenciis
811 3956 879 4025 suis,
892 3967 921 4012 et
933 3973 999 4011 cum
1011 3956 1143 4011 omnibus
1156 3956 1290 4011 libertati·

178 4049 233 4102 bus
246 4057 273 4102 et
285 4047 381 4102 liberis
395 4046 648 4102 consuetudinibus
664 4045 723 4101 suis
740 4047 777 4100 ad
794 4046 871 4102 leodi
888 4045 999 4100 tinnam
1016 4062 1068 4116 pro
1084 4045 1201 4114 triginta
1211 4044 1291 4101 libris

179 4135 377 4205 sterlingorum
390 4134 555 4190 blancorum
568 4152 618 4205 per
631 4151 738 4189 annum
750 4145 803 4189 etc.
841 4135 879 4189 Et
894 4133 999 4205 profert
1011 4133 1168 4204 predictam
1182 4143 1289 4188 cartam

230 4279 240 4312 ¹
258 4281 348 4346 Reges,
361 4279 418 4331 MS.
876 4279 887 4312 ¹
904 4295 987 4346 eques,
1002 4279 1060 4332 MS.

228 4359 239 4393 ⁸
255 4361 338 4411 When
350 4361 394 4412 the
404 4361 461 4413 MS.
475 4377 526 4411 was
537 4363 636 4413 written
648 4361 789 4412 two-thirds
800 4361 829 4411 ol
837 4360 887 4412 this
897 4377 962 4426 page
973 4377 1038 4410 were
1050 4360 1093 4411 leli
1104 4359 1190 4410 blank.
1300 4387 1303 4392 ·

228 4443 319 4494 ‘This
335 4443 357 4493 is
372 4443 416 4494 the
431 4443 535 4510 reading
550 4446 579 4496 oi
593 4445 637 4496 the
654 4445 712 4495 MS.
745 4443 802 4495 'l'he
818 4444 900 4495 scribe
916 4443 1006 4494 should
1023 4444 1087 4494 hnve
1104 4443 1203 4494 written
1222 4457 1289 4491 nuno

178 4527 249 4592 regni
268 4527 339 4592 regis.
