3192 5102
342 335 411 424 248
615 333 811 408 Hundred
831 335 878 432 eff
896 333 935 408 A
941 333 1165 434 mingsord
1325 335 1447 434 [soon

411 515 562 598 Wendeye
585 515 757 602 [Wendy].
804 517 915 584 Alicia
937 521 1008 584 sine
1030 517 1181 585 Mauntel
1205 530 1239 584 et
1266 521 1448 604 participes

339 622 389 686 sui
412 630 528 684 tenent
551 623 735 687 manerium
759 623 802 687 de
823 623 923 688 seodo
945 624 1126 690 Camerarii
1142 645 1201 708 per
1217 625 1388 708 socagium
1403 623 1450 688 de

338 726 465 790 honore
487 726 709 792 Richmondie
727 737 761 792 et
776 729 877 793 debet
893 729 921 794 .i.
937 739 1074 808 sectam,
1090 739 1124 793 et
1144 732 1187 795 de
1209 729 1337 794 auxilio
1360 729 1448 792 vice·

338 829 471 892 comitis
505 852 573 896 .x.s.
604 840 638 895 et
671 841 750 896 sunt
785 832 909 896 ibidem
941 833 1004 916 ,vij.
1034 833 1112 898 hide
1149 834 1331 918 geldabiies
1367 853 1447 897 cum

340 935 531 1000 Knetswith
556 935 806 1020 [Kneesworth]
828 959 894 1020 que
917 948 968 1002 est
990 939 1033 1002 de
1056 938 1156 1004 soodo
1178 937 1369 1005 Camerarii.

415 1040 561 1104 Waddm
595 1041 816 1124 [Whaddon].
877 1041 1047 1108 Gaiiridus
1080 1045 1123 1107 de
1161 1042 1316 1109 Scalariis
1354 1051 1448 1106 tenet

340 1143 438 1210 feoda
453 1145 505 1228 iij.
523 1145 665 1210 militum
684 1146 727 1211 de
748 1146 848 1210 seodo
863 1149 906 1212 de
927 1146 1084 1213 Scalariis
1104 1158 1139 1212 et
1159 1147 1259 1214 debet
1274 1147 1302 1211 .i.
1318 1155 1446 1211 sectam

338 1269 439 1332 quam
457 1250 605 1314 Thomas
626 1249 669 1314 de
687 1250 842 1316 Waddon
865 1249 944 1315 facit
963 1272 1023 1336 pro
1041 1273 1091 1328 e0,
1107 1261 1140 1316 et
1158 1252 1201 1316 de
1216 1250 1343 1316 auxilio
1359 1250 1446 1314 vice-

338 1353 471 1418 comitis
496 1353 583 1436 .vijs.
608 1351 691 1436 .vj.d.
717 1374 792 1418 cum
820 1353 978 1438 homagio
1002 1375 1064 1419 suo
1094 1355 1137 1420 de
1167 1355 1312 1420 Mordon
1338 1363 1373 1418 et
1400 1353 1447 1416 de

339 1458 549 1524 Knethwrth.
600 1459 730 1524 Ibidem
762 1458 927 1525 Radulius
956 1460 1001 1525 de
1031 1460 1157 1526 Saham
1187 1469 1280 1524 tenet
1309 1457 1444 1523 feodum

336 1563 467 1628 dimidii
484 1563 598 1628 militis
614 1564 657 1628 de
677 1563 804 1628 honore
826 1563 1058 1642 Richmondie,
1078 1565 1199 1649 etipse
1219 1573 1254 1628 et
1275 1561 1445 1628 Galsridus

338 1667 465 1752 Turpin
489 1667 657 1733 debenti.
678 1677 803 1734 sectam
827 1678 862 1733 et
883 1678 1000 1734 tenent
1022 1669 1197 1734 dimidiam
1221 1667 1335 1733 hidam
1358 1677 1445 1732 terre

336 1769 548 1856 geldabilem.
596 1771 726 1837 ibidem
743 1782 822 1837 sunt
837 1771 878 1855 .ij.
894 1771 973 1837 hide
988 1782 1022 1836 et
1042 1771 1182 1836 dimidia
1203 1771 1386 1856 geldabiles
1399 1770 1444 1834 de

337 1875 496 1960 homagio
511 1874 681 1960 G[aliridi]
696 1877 739 1941 de
756 1877 919 1942 Scalariis.

402 1981 585 2064 Litlington
615 1980 842 2064 [Litlington].
904 1981 1042 2044 Hamon
1077 1980 1120 2045 de
1150 1980 1320 2062 Valeynes
1350 1987 1444 2045 tenet

337 2085 512 2151 dimidium
527 2084 615 2150 ieodi
629 2085 743 2150 militis
755 2107 831 2151 cum
846 2086 944 2150 feodo
956 2086 1089 2150 Ricardi
1104 2083 1228 2167 Biboys
1242 2086 1274 2148 in
1289 2083 1444 2168 Habing·

337 2199 395 2255 ton
411 2190 455 2254 de
473 2191 612 2254 Honore
628 2189 769 2256 Comitis
786 2189 973 2254 Glouemie.
1020 2187 1150 2253 Ibidem
1169 2187 1385 2272 W[illelmus]
1400 2187 1443 2251 de

341 2295 470 2382 Hobri}
492 2305 585 2360 tenet
608 2295 742 2359 feodum
766 2295 896 2358 dimidii
920 2294 1033 2358 militis
1051 2295 1094 2358 de
1110 2293 1242 2358 Comite
1264 2293 1444 2358 Glouemie

336 2397 380 2462 de
395 2399 497 2463 veteri
513 2399 715 2476 testimonio,
731 2408 765 2462 et
780 2419 868 2462 nunc
890 2398 999 2463 reddit
1022 2397 1198 2461 seruitium
1221 2396 1309 2460 feodi
1325 2405 1443 2479 quarte

244 2509 262 2559 f.
277 2511 323 2573 146
338 2503 440 2585 partis
475 2503 503 2586 .j.
540 2503 661 2568 militis.
724 2501 922 2568 Alexander
956 2502 986 2565 le
1022 2503 1150 2584 Moyne
1184 2509 1276 2566 tenet
1307 2499 1441 2565 feodum

335 2606 466 2672 dimidii
490 2609 604 2672 militis
628 2609 670 2672 de
692 2608 814 2672 comite
838 2606 1025 2672 Glouemie.

402 2710 628 2794 Bassingburn
652 2709 940 2794 [Bassingbourn].
988 2711 1176 2774 Willelmus
1201 2710 1231 2772 le
1257 2710 1327 2772 Rus
1351 2719 1442 2774 tenet

336 2815 471 2879 feodum
488 2814 617 2879 dimidii
642 2815 756 2878 militis
776 2814 820 2879 de
839 2815 977 2878 domino
1000 2813 1095 2896 Rege
1116 2815 1148 2877 in
1170 2815 1286 2896 capite.
1334 2813 1442 2878 Maria

338 2917 462 2982 Martin
493 2928 586 2982 tenet
612 2918 641 3000 .j.
671 2919 786 2982 hidam
816 2928 903 2983 terre
933 2916 1133 3001 geldabilem
1173 2939 1231 3001 per
1266 2919 1439 2982 seruicium

336 3022 466 3086 dimidii
488 3023 603 3086 militis
618 3022 661 3086 de
680 3021 779 3085 feodo
793 3021 836 3086 de
853 3021 1009 3086 Scalariis
1025 3030 1059 3084 et
1074 3021 1175 3086 debet
1195 3031 1331 3096 sectam,
1345 3031 1380 3086 et
1400 3022 1442 3085 de

336 3125 464 3190 auxilio
479 3127 685 3190 vicecomitis
701 3125 767 3208 ‚ijs

401 3229 600 3294 Kneeswrtlz
638 3229 898 3313 [KneesworthJ.
960 3229 1125 3295 Martinus
1163 3229 1373 3296 Camerarius
1409 3238 1442 3293 et

339 3334 503 3399 Raduiius
524 3335 567 3399 de
589 3334 724 3398 Denton
744 3343 861 3398 tenent
877 3333 940 3417 iiij.
962 3343 1091 3416 partem
1115 3333 1203 3398 seodi
1218 3335 1246 3397 .i.
1264 3334 1378 3398 militis
1400 3334 1442 3398 de

337 3438 463 3503 honore
487 3439 710 3504 Richmondie
737 3448 770 3503 et
799 3438 965 3502 Martinus
988 3438 1088 3503 debet
1111 3439 1284 3503 dimidiam
1307 3448 1443 3503 sectam.

339 3542 466 3608 Omnes
489 3543 590 3609 libere
611 3552 764 3607 tenentes
786 3542 911 3607 debent
934 3543 1033 3607 aliam
1058 3543 1230 3606 dimidiam
1255 3552 1390 3620 sectam,
1409 3553 1443 3608 et

338 3658 410 3711 tota
426 3649 540 3713 villata
555 3649 656 3714 debet
671 3649 714 3711 de
732 3649 861 3712 auxilio
877 3649 1080 3712 vicecomitis
1096 3648 1186 3731 ‚iiij.s.
1233 3648 1319 3713 Sunt
1342 3648 1387 3712 ibi
1404 3649 1445 3712 .ii.

337 3753 415 3817 hide
431 3754 620 3837 geldabiies.

405 3858 582 3924 Crawdene
592 3857 789 3943 [Croydon].
829 3857 997 3922 Robertus
1010 3857 1182 3924 Suileman
1199 3867 1292 3922 tenet
1307 3856 1442 3922 feodum

337 3967 365 4030 .i.
383 3966 496 4030 militis
508 3966 551 4029 de
565 3966 722 4030 Hamone
736 3964 852 4041 Peche‚
865 3974 899 4028 et
914 3963 1015 4028 debet
1027 3965 1055 4028 .i.
1068 3975 1203 4040 sectam,
1215 3971 1249 4027 et
1261 3965 1303 4028 de
1315 3963 1444 4027 auxilio

338 4071 542 4134 vicecomitis
563 4070 650 4153 .iij.s.,
668 4079 702 4134 et
723 4071 764 4134 de
779 4070 892 4134 warda
913 4067 1022 4133 Castri
1039 4068 1124 4133 inira
1145 4089 1270 4132 annum
1292 4077 1326 4132 et
1344 4068 1443 4132 dimi-

337 4176 430 4240 dium
450 4176 623 4240 dimidiam
646 4195 800 4239 marcam.
849 4173 978 4239 Ibidem
1003 4172 1168 4238 Radulius
1191 4172 1279 4237 filius
1300 4171 1443 4254 Jocelini

338 4289 372 4343 et
405 4279 603 4343 Humfridus
634 4278 676 4343 ad
705 4278 945 4344 Monasterium
977 4276 1101 4341 debent
1127 4277 1170 4341 de
1200 4275 1328 4339 auxilio
1357 4277 1443 4339 vice-

338 4384 470 4446 comitis
495 4383 569 4447 .x.d.
617 4383 747 4446 Alanus
777 4383 820 4446 de
851 4381 997 4464 Fugeres
1027 4389 1121 4444 tenet
1151 4379 1284 4444 feodum
1312 4380 1444 4444 dimidii
