3192 5102
375 397 446 467 294
731 373 894 448 Tenants
921 371 962 446 in
988 373 1122 446 Bourn
1361 367 1482 468 [Boon

437 563 603 628 Henricus
633 561 711 627 Geri
750 563 783 626 in
816 563 985 645 Pynecote
1016 571 1109 626 tenet
1138 561 1207 624 duo
1243 559 1421 642 mesuagia
1450 566 1482 620 et

368 667 516 751 quinque
536 688 629 732 acras
650 676 735 732 terre
755 665 798 731 de
822 667 921 730 feodo
942 665 1052 731 Alicie
1066 664 1109 730 de
1127 667 1306 747 Pynecote,
1320 674 1357 727 et
1372 661 1483 727 reddit

370 771 447 836 inde
463 793 522 855 per
536 791 662 836 annum
678 771 719 855 .ij.
735 772 860 836 solidos
876 793 938 855 pro
952 773 1044 836 omni
1060 770 1209 835 seruicio.

435 875 623 942 Wiilelmus
642 877 685 940 de
702 873 1013 960 Wrastlingworthe
1034 882 1128 939 tenet
1144 893 1244 938 vnum
1270 871 1481 954 mesuagium

369 991 404 1045 et
434 982 519 1046 duos
549 979 692 1044 seliones
721 989 816 1056 terre,
847 988 882 1043 et
912 977 1022 1043 reddit
1052 979 1130 1043 inde
1160 998 1219 1061 per
1249 995 1377 1041 annum
1409 974 1472 1056 ‚viij

370 1085 533 1162 denarios,
571 1093 605 1148 et
642 1086 726 1149 duas
764 1083 929 1168 precarias
970 1083 1005 1147 in
1043 1092 1232 1166 autumpno
1268 1082 1311 1146 de
1351 1079 1481 1144 duabus

371 1188 564 1253 mulieribus
586 1209 645 1272 per
668 1207 770 1252 unum
794 1189 892 1253 diem.

437 1292 554 1375 Agnes
579 1292 654 1357 Sori
677 1303 769 1357 tenet
798 1312 902 1357 vnum
931 1291 1138 1375 mesuagium
1170 1300 1205 1354 et
1228 1291 1314 1354 duos
1337 1288 1483 1353 seliones

370 1405 465 1472 terre,
481 1407 516 1461 et
531 1397 641 1462 reddit
656 1417 715 1480 per
730 1416 854 1460 annum
875 1395 915 1478 .ij.
932 1395 1066 1473 solidos
1081 1404 1116 1459 et
1132 1413 1232 1458 vnam
1248 1394 1435 1478 precariam
1451 1395 1480 1457 in

371 1512 558 1584 autumpno
573 1501 615 1566 de
630 1501 761 1564 duabus
778 1499 971 1565 mulieribus
987 1519 1165 1584 perunum
1181 1499 1279 1562 diem.
1565 1567 1567 1588 ι

439 1606 472 1670 H
477 1625 543 1689 ugo
554 1605 693 1669 Andreu
706 1613 799 1670 tenet
811 1606 982 1688 quoddam
996 1605 1204 1688 mesuagium
1216 1602 1259 1668 ad
1272 1603 1482 1668 voluntatem

370 1709 498 1772 domini
516 1708 644 1784 PrioriS,
661 1716 695 1772 et
711 1707 820 1772 reddit
835 1708 914 1771 inde
929 1727 989 1790 per
1003 1727 1128 1770 annum
1145 1705 1186 1789 .ij.
1202 1706 1336 1772 solidos.
1565 1689 1567 1696 ’

436 1813 586 1877 Thomas
607 1813 649 1877 de
671 1812 837 1895 Cloptone
861 1813 972 1877 reddit
992 1831 1191 1896 perannum
1208 1812 1310 1894 .xviij.
1326 1811 1483 1875 denarios

371 1937 432 2001 pro
447 1928 535 1981 terra
549 1937 651 2001 quam
668 1915 799 1998 Gwydo
814 1916 1076 1980 molendinarius
1093 1924 1192 1980 tenet.

481 2021 621 2086 Summa
644 2023 752 2086 tocius
776 2022 865 2105 ‚xvij.
888 2021 985 2086 solidi
1009 2020 1117 2104 ‚viij.d.
1160 2019 1223 2105 [Et
1248 2021 1291 2084 de
1315 2021 1484 2105 Cloptone

545 2124 684 2188 dimidia
706 2123 840 2208 marca]

709 2455 720 2501 τ
726 2452 755 2518 7.
801 2435 953 2522 [anne
973 2436 1137 2522 (Boum).]

440 2593 500 2659 isti
523 2603 601 2658 sunt
623 2592 725 2658 libere
747 2603 901 2658 tenentes
917 2594 1039 2659 Prioris
1061 2595 1105 2658 de
1126 2593 1331 2658 Bernewelle
1354 2593 1390 2656 in
1406 2591 1484 2656 villa

372 2719 415 2782 de
439 2718 591 2781 Brunne:

341 2925 345 2934 .
438 2865 605 2928 Dominus
620 2862 771 2926 Thomas
788 2861 831 2927 de
849 2862 1022 2946 Riggesby
1037 2872 1128 2926 tenet
1146 2869 1213 2926 tres
1228 2881 1321 2925 acras
1336 2872 1434 2940 terre,
1449 2871 1483 2926 et

345 2970 482 3036 'reddit
518 2969 597 3031 inde
635 2987 693 3051 per
729 2987 854 3030 annum
894 2967 960 3050 .xij.
998 2968 1161 3044 denarios,
1194 2976 1228 3032 et
1259 2986 1321 3050 pro
1350 2968 1482 3031 decima
1565 3033 1566 3036 ,

372 3074 554 3140 molendini
577 3072 618 3154 .ij.
642 3072 766 3136 solidos
789 3071 839 3155 .vj.
862 3073 1024 3136 denarios.
1565 3061 1567 3068 '

439 3180 606 3244 Robertus
630 3177 712 3242 Mile
734 3187 826 3242 tenet
847 3179 1017 3261 quoddam
1041 3177 1190 3242 clausum
1215 3197 1274 3261 per
1295 3187 1434 3254 cartam,
1448 3186 1481 3240 et

372 3305 431 3368 per
452 3283 655 3366 homagium,
677 3291 711 3346 et
742 3280 851 3346 reddit
880 3301 940 3366 per
969 3302 1095 3346 annum
1125 3281 1179 3364 .iij.
1202 3282 1327 3348 solidos
1350 3291 1385 3346 et
1408 3281 1480 3365 xiij.

352 3388 535 3472 denarios.

439 3491 629 3575 Margareta
666 3487 800 3571 Chyuin
838 3498 931 3553 tenet
965 3509 1064 3553 vnam
1103 3490 1267 3572 virgatam
1306 3499 1392 3554 terre
1423 3509 1481 3572 per

372 3605 499 3659 cartam
522 3604 556 3658 et
582 3614 640 3677 per
663 3593 866 3676 homagium,
892 3602 927 3658 et
949 3592 1060 3658 reddit
1082 3593 1160 3657 inde
1183 3614 1243 3676 per
1264 3613 1391 3657 annum
1417 3589 1480 3674 iiij.

373 3700 505 3764 solidos,
854 3755 856 3759 .

280 3821 295 3870 r.
315 3820 359 3872 166
439 3805 601 3888 Magister
616 3801 785 3868 Gaifridus
799 3801 843 3865 de
865 3801 986 3864 Bancis
1001 3809 1093 3864 tenet
1109 3801 1194 3865 duas
1209 3821 1304 3865 acras
1319 3811 1406 3866 terre
1421 3821 1479 3884 per

373 3921 498 3977 cartam
529 3917 562 3973 et
586 3929 644 3992 per
670 3907 874 3989 homagium,
897 3916 930 3970 et
958 3906 1066 3970 reddit
1091 3907 1168 3970 inde
1193 3927 1253 3990 per
1282 3927 1408 3971 annum
1438 3906 1478 3988 .ij.

372 4015 504 4080 solidos.

439 4120 568 4202 Symon
593 4119 636 4182 de
662 4116 826 4180 Mordone
852 4126 945 4180 tenet
974 4136 1074 4180 vnam
1105 4136 1216 4178 acram
1246 4125 1282 4180 et
1305 4115 1478 4180 dimidiam

373 4234 466 4300 terre,
489 4233 522 4288 et
546 4222 655 4287 reddit
678 4221 755 4284 inde
779 4241 837 4303 per
858 4241 984 4284 annum
1007 4220 1082 4283 .xvi.
1105 4219 1267 4283 denarios.

437 4327 607 4409 Johannes
637 4328 680 4392 de
710 4325 741 4390 le
774 4325 879 4390 Holm
910 4333 1003 4390 tenet
1038 4323 1211 4407 quoddam
1241 4325 1393 4390 clausum
1424 4347 1481 4409 per

373 4443 509 4512 cartam,
532 4444 567 4497 et
591 4433 699 4497 reddit
722 4431 800 4496 inde
822 4452 881 4514 per
902 4451 1027 4494 annum
1052 4430 1101 4513 .vj.
1126 4431 1288 4494 denarios.
