<?xml version="1.0" encoding="UTF-8"?>
<!DOCTYPE html PUBLIC "-//W3C//DTD XHTML 1.0 Transitional//EN"
    "http://www.w3.org/TR/xhtml1/DTD/xhtml1-transitional.dtd">
<html xmlns="http://www.w3.org/1999/xhtml" xml:lang="en" lang="en">
 <head>
  <title>
</title>
<meta http-equiv="Content-Type" content="text/html;charset=utf-8" />
  <meta name='ocr-system' content='tesseract 3.04.00' />
  <meta name='ocr-capabilities' content='ocr_page ocr_carea ocr_par ocr_line ocrx_word'/>
</head>
<body>
  <div class='ocr_page' id='page_1' title='image "./libermemorandor00maitgoog_0386.png"; bbox 0 0 3188 5078; ppageno 0'>
   <div class='ocr_carea' id='block_1_1' title="bbox 388 376 1476 477">
    <p class='ocr_par' dir='ltr' id='par_1_1' title="bbox 388 376 1476 477">
     <span class='ocr_line' id='line_1_1' title="bbox 388 376 1476 477; baseline 0.002 -28"><span class='ocrx_word' id='word_1_1' title='bbox 388 379 459 470; x_wconf 88' lang='lat'>318</span> <span class='ocrx_word' id='word_1_2' title='bbox 601 376 721 452; x_wconf 85' lang='lat' dir='ltr'><strong>Rents</strong></span> <span class='ocrx_word' id='word_1_3' title='bbox 736 377 839 474; x_wconf 79' lang='lat' dir='ltr'>paid</span> <span class='ocrx_word' id='word_1_4' title='bbox 859 385 894 452; x_wconf 84' lang='lat' dir='ltr'>to</span> <span class='ocrx_word' id='word_1_5' title='bbox 920 378 1123 454; x_wconf 82' lang='lat' dir='ltr'>Bamwell</span> <span class='ocrx_word' id='word_1_6' title='bbox 1144 377 1271 477; x_wconf 84' lang='lat' dir='ltr'><em>Abbey</em></span> <span class='ocrx_word' id='word_1_7' title='bbox 1373 377 1476 477; x_wconf 73' lang='lat' dir='ltr'>[uuor</span> 
     </span>
    </p>
   </div>
   <div class='ocr_carea' id='block_1_2' title="bbox 383 563 1484 2005">
    <p class='ocr_par' dir='ltr' id='par_1_2' title="bbox 451 563 1247 650">
     <span class='ocr_line' id='line_1_2' title="bbox 451 563 1247 650; baseline 0.003 -20"><span class='ocrx_word' id='word_1_8' title='bbox 451 563 589 630; x_wconf 89' lang='lat' dir='ltr'>Soiucio</span> <span class='ocrx_word' id='word_1_9' title='bbox 604 565 795 631; x_wconf 86' lang='lat' dir='ltr'>reddituum</span> <span class='ocrx_word' id='word_1_10' title='bbox 814 587 873 650; x_wconf 90' lang='lat' dir='ltr'>pro</span> <span class='ocrx_word' id='word_1_11' title='bbox 889 577 978 632; x_wconf 87' lang='lat' dir='ltr'>terra</span> <span class='ocrx_word' id='word_1_12' title='bbox 991 567 1035 630; x_wconf 89' lang='lat' dir='ltr'>de</span> <span class='ocrx_word' id='word_1_13' title='bbox 1051 565 1247 650; x_wconf 81' lang='lat' dir='ltr'>Wygehaie</span> 
     </span>
    </p>

    <p class='ocr_par' dir='ltr' id='par_1_3' title="bbox 386 667 1479 855">
     <span class='ocr_line' id='line_1_3' title="bbox 454 667 1479 753; baseline 0.001 -22"><span class='ocrx_word' id='word_1_14' title='bbox 454 667 603 733; x_wconf 91' lang='lat' dir='ltr'>Domino</span> <span class='ocrx_word' id='word_1_15' title='bbox 627 669 679 734; x_wconf 92' lang='lat' dir='ltr'>W.</span> <span class='ocrx_word' id='word_1_16' title='bbox 697 669 838 735; x_wconf 86' lang='lat' dir='ltr'>Bardolf</span> <span class='ocrx_word' id='word_1_17' title='bbox 857 690 918 753; x_wconf 92' lang='lat' dir='ltr'>per</span> <span class='ocrx_word' id='word_1_18' title='bbox 941 689 1067 734; x_wconf 89' lang='lat' dir='ltr'>aunum</span> <span class='ocrx_word' id='word_1_19' title='bbox 1090 693 1160 735; x_wconf 88' lang='lat' dir='ltr'><strong>.xx.</strong></span> <span class='ocrx_word' id='word_1_20' title='bbox 1182 671 1339 735; x_wconf 88' lang='lat' dir='ltr'>denarios</span> <span class='ocrx_word' id='word_1_21' title='bbox 1363 679 1396 735; x_wconf 89' lang='lat' dir='ltr'>et</span> <span class='ocrx_word' id='word_1_22' title='bbox 1416 691 1479 734; x_wconf 90' lang='lat' dir='ltr'>seu-</span> 
     </span>
     <span class='ocr_line' id='line_1_4' title="bbox 386 773 796 855; baseline 0.005 -19"><span class='ocrx_word' id='word_1_23' title='bbox 386 773 515 855; x_wconf 84' lang='lat' dir='ltr'>tagium</span> <span class='ocrx_word' id='word_1_24' title='bbox 540 794 616 837; x_wconf 92' lang='lat' dir='ltr'>cum</span> <span class='ocrx_word' id='word_1_25' title='bbox 640 775 796 838; x_wconf 81' lang='lat' dir='ltr'>euenerit</span> 
     </span>
    </p>

    <p class='ocr_par' dir='ltr' id='par_1_4' title="bbox 453 877 1287 962">
     <span class='ocr_line' id='line_1_5' title="bbox 453 877 1287 962; baseline 0.004 -22"><span class='ocrx_word' id='word_1_26' title='bbox 453 877 540 941; x_wconf 89' lang='lat' dir='ltr'><strong>Item</strong></span> <span class='ocrx_word' id='word_1_27' title='bbox 557 877 695 942; x_wconf 91' lang='lat' dir='ltr'>domino</span> <span class='ocrx_word' id='word_1_28' title='bbox 712 878 868 962; x_wconf 89' lang='lat' dir='ltr'>Phiiippo</span> <span class='ocrx_word' id='word_1_29' title='bbox 883 878 925 942; x_wconf 90' lang='lat' dir='ltr'>de</span> <span class='ocrx_word' id='word_1_30' title='bbox 942 877 1041 942; x_wconf 82' lang='lat' dir='ltr'><strong>fenne</strong></span> <span class='ocrx_word' id='word_1_31' title='bbox 1056 879 1107 960; x_wconf 82' lang='lat' dir='ltr'><strong>,vj.</strong></span> <span class='ocrx_word' id='word_1_32' title='bbox 1122 878 1287 944; x_wconf 87' lang='lat' dir='ltr'>denarios.</span> 
     </span>
    </p>

    <p class='ocr_par' dir='ltr' id='par_1_5' title="bbox 452 983 1161 1068">
     <span class='ocr_line' id='line_1_6' title="bbox 452 983 1161 1068; baseline 0.004 -22"><span class='ocrx_word' id='word_1_33' title='bbox 452 983 539 1046; x_wconf 87' lang='lat' dir='ltr'><strong>Item</strong></span> <span class='ocrx_word' id='word_1_34' title='bbox 555 984 701 1066; x_wconf 91' lang='lat' dir='ltr'>Johanni</span> <span class='ocrx_word' id='word_1_35' title='bbox 717 986 761 1048; x_wconf 87' lang='lat' dir='ltr'>de</span> <span class='ocrx_word' id='word_1_36' title='bbox 777 985 912 1049; x_wconf 90' lang='lat' dir='ltr'>Fittone</span> <span class='ocrx_word' id='word_1_37' title='bbox 929 985 982 1068; x_wconf 84' lang='lat' dir='ltr'>iij.</span> <span class='ocrx_word' id='word_1_38' title='bbox 997 985 1161 1050; x_wconf 87' lang='lat' dir='ltr'>denarios.</span> 
     </span>
    </p>

    <p class='ocr_par' dir='ltr' id='par_1_6' title="bbox 454 1087 1165 1154">
     <span class='ocr_line' id='line_1_7' title="bbox 454 1087 1165 1154; baseline 0.006 -4"><span class='ocrx_word' id='word_1_39' title='bbox 454 1087 539 1151; x_wconf 90' lang='lat' dir='ltr'>Item</span> <span class='ocrx_word' id='word_1_40' title='bbox 558 1087 661 1152; x_wconf 89' lang='lat' dir='ltr'>Priori</span> <span class='ocrx_word' id='word_1_41' title='bbox 676 1090 719 1153; x_wconf 89' lang='lat' dir='ltr'>de</span> <span class='ocrx_word' id='word_1_42' title='bbox 735 1088 907 1154; x_wconf 88' lang='lat' dir='ltr'>Westacre</span> <span class='ocrx_word' id='word_1_43' title='bbox 922 1109 983 1153; x_wconf 86' lang='lat' dir='ltr'>sex</span> <span class='ocrx_word' id='word_1_44' title='bbox 999 1089 1165 1154; x_wconf 89' lang='lat' dir='ltr'>denarios.</span> 
     </span>
    </p>

    <p class='ocr_par' dir='ltr' id='par_1_7' title="bbox 383 1189 1484 1901">
     <span class='ocr_line' id='line_1_8' title="bbox 452 1189 1484 1276; baseline 0.002 -24"><span class='ocrx_word' id='word_1_45' title='bbox 452 1189 497 1254; x_wconf 90' lang='lat' dir='ltr'>Et</span> <span class='ocrx_word' id='word_1_46' title='bbox 523 1189 697 1255; x_wconf 91' lang='lat' dir='ltr'>sciendum</span> <span class='ocrx_word' id='word_1_47' title='bbox 720 1191 883 1274; x_wconf 89' lang='lat' dir='ltr'>estquod</span> <span class='ocrx_word' id='word_1_48' title='bbox 908 1201 995 1256; x_wconf 88' lang='lat' dir='ltr'>terra</span> <span class='ocrx_word' id='word_1_49' title='bbox 1021 1193 1064 1256; x_wconf 92' lang='lat' dir='ltr'>de</span> <span class='ocrx_word' id='word_1_50' title='bbox 1089 1192 1302 1276; x_wconf 80' lang='lat' dir='ltr'>Wygenhaie</span> <span class='ocrx_word' id='word_1_51' title='bbox 1325 1192 1484 1275; x_wconf 84' lang='lat' dir='ltr'>obligatur</span> 
     </span>
     <span class='ocr_line' id='line_1_9' title="bbox 385 1295 1481 1380; baseline 0.002 -23"><span class='ocrx_word' id='word_1_52' title='bbox 385 1295 417 1358; x_wconf 92' lang='lat' dir='ltr'>in</span> <span class='ocrx_word' id='word_1_53' title='bbox 438 1305 636 1379; x_wconf 88' lang='lat' dir='ltr'>perpetuum</span> <span class='ocrx_word' id='word_1_54' title='bbox 658 1299 702 1362; x_wconf 89' lang='lat' dir='ltr'>ad</span> <span class='ocrx_word' id='word_1_55' title='bbox 717 1319 760 1362; x_wconf 88' lang='lat' dir='ltr'>.x.</span> <span class='ocrx_word' id='word_1_56' title='bbox 777 1317 905 1361; x_wconf 85' lang='lat' dir='ltr'>marcas</span> <span class='ocrx_word' id='word_1_57' title='bbox 921 1296 1113 1380; x_wconf 79' lang='lat' dir='ltr'>capellanis</span> <span class='ocrx_word' id='word_1_58' title='bbox 1128 1297 1352 1364; x_wconf 81' lang='lat' dir='ltr'>uniuersitatis</span> <span class='ocrx_word' id='word_1_59' title='bbox 1369 1297 1481 1364; x_wconf 84' lang='lat' dir='ltr'><strong>Cante-</strong></span> 
     </span>
     <span class='ocr_line' id='line_1_10' title="bbox 383 1399 1482 1486; baseline 0.002 -24"><span class='ocrx_word' id='word_1_60' title='bbox 383 1399 497 1482; x_wconf 85' lang='lat' dir='ltr'>brigie.</span> <span class='ocrx_word' id='word_1_61' title='bbox 544 1399 590 1464; x_wconf 89' lang='lat' dir='ltr'>Et</span> <span class='ocrx_word' id='word_1_62' title='bbox 612 1401 784 1465; x_wconf 88' lang='lat' dir='ltr'>sciendum</span> <span class='ocrx_word' id='word_1_63' title='bbox 807 1401 897 1484; x_wconf 91' lang='lat' dir='ltr'>quod</span> <span class='ocrx_word' id='word_1_64' title='bbox 922 1401 1016 1464; x_wconf 88' lang='lat' dir='ltr'>Prior</span> <span class='ocrx_word' id='word_1_65' title='bbox 1036 1401 1079 1466; x_wconf 91' lang='lat' dir='ltr'>de</span> <span class='ocrx_word' id='word_1_66' title='bbox 1102 1403 1306 1467; x_wconf 88' lang='lat' dir='ltr'>Bemeweile</span> <span class='ocrx_word' id='word_1_67' title='bbox 1326 1413 1361 1467; x_wconf 92' lang='lat' dir='ltr'>et</span> <span class='ocrx_word' id='word_1_68' title='bbox 1380 1399 1482 1486; x_wconf 79' lang='lat' dir='ltr'>piures</span> 
     </span>
     <span class='ocr_line' id='line_1_11' title="bbox 384 1489 1483 1590; baseline 0 -22"><span class='ocrx_word' id='word_1_69' title='bbox 384 1505 566 1588; x_wconf 87' lang='lat' dir='ltr'>parcenarij</span> <span class='ocrx_word' id='word_1_70' title='bbox 594 1505 644 1568; x_wconf 90' lang='lat' dir='ltr'>sui</span> <span class='ocrx_word' id='word_1_71' title='bbox 676 1504 801 1570; x_wconf 90' lang='lat' dir='ltr'><strong>debent</strong></span> <span class='ocrx_word' id='word_1_72' title='bbox 828 1489 935 1570; x_wconf 79' lang='lat' dir='ltr'>sacer&#39;e</span> <span class='ocrx_word' id='word_1_73' title='bbox 964 1517 1101 1589; x_wconf 91' lang='lat' dir='ltr'>pontem</span> <span class='ocrx_word' id='word_1_74' title='bbox 1131 1509 1175 1571; x_wconf 91' lang='lat' dir='ltr'>ad</span> <span class='ocrx_word' id='word_1_75' title='bbox 1201 1507 1389 1590; x_wconf 83' lang='lat' dir='ltr'>Joneslade</span> <span class='ocrx_word' id='word_1_76' title='bbox 1432 1505 1483 1569; x_wconf 82' lang='lat' dir='ltr'>Ita</span> 
     </span>
     <span class='ocr_line' id='line_1_12' title="bbox 383 1607 1484 1694; baseline -0.001 -22"><span class='ocrx_word' id='word_1_77' title='bbox 383 1618 520 1673; x_wconf 90' lang='lat' dir='ltr'>vocatur</span> <span class='ocrx_word' id='word_1_78' title='bbox 550 1628 635 1691; x_wconf 87' lang='lat' dir='ltr'>pons</span> <span class='ocrx_word' id='word_1_79' title='bbox 661 1609 725 1682; x_wconf 88' lang='lat' dir='ltr'>ilie,</span> <span class='ocrx_word' id='word_1_80' title='bbox 752 1619 790 1673; x_wconf 88' lang='lat' dir='ltr'>ut</span> <span class='ocrx_word' id='word_1_81' title='bbox 815 1607 923 1674; x_wconf 90' lang='lat' dir='ltr'>credo.</span> <span class='ocrx_word' id='word_1_82' title='bbox 969 1610 1015 1674; x_wconf 90' lang='lat' dir='ltr'>Et</span> <span class='ocrx_word' id='word_1_83' title='bbox 1041 1619 1151 1674; x_wconf 87' lang='lat' dir='ltr'>certus</span> <span class='ocrx_word' id='word_1_84' title='bbox 1177 1631 1251 1674; x_wconf 88' lang='lat' dir='ltr'>sum</span> <span class='ocrx_word' id='word_1_85' title='bbox 1279 1610 1372 1694; x_wconf 92' lang='lat' dir='ltr'>quod</span> <span class='ocrx_word' id='word_1_86' title='bbox 1399 1609 1484 1672; x_wconf 87' lang='lat' dir='ltr'>Prior</span> 
     </span>
     <span class='ocr_line' id='line_1_13' title="bbox 384 1713 1483 1798; baseline -0.003 -21"><span class='ocrx_word' id='word_1_87' title='bbox 384 1713 446 1777; x_wconf 84' lang='lat' dir='ltr'>suit</span> <span class='ocrx_word' id='word_1_88' title='bbox 473 1714 671 1778; x_wconf 88' lang='lat' dir='ltr'>amerciatus</span> <span class='ocrx_word' id='word_1_89' title='bbox 698 1713 741 1778; x_wconf 92' lang='lat' dir='ltr'>ad</span> <span class='ocrx_word' id='word_1_90' title='bbox 767 1714 942 1778; x_wconf 86' lang='lat' dir='ltr'>dimidiam</span> <span class='ocrx_word' id='word_1_91' title='bbox 970 1733 1126 1791; x_wconf 88' lang='lat' dir='ltr'>marcam,</span> <span class='ocrx_word' id='word_1_92' title='bbox 1152 1723 1187 1777; x_wconf 91' lang='lat' dir='ltr'>et</span> <span class='ocrx_word' id='word_1_93' title='bbox 1213 1714 1396 1798; x_wconf 87' lang='lat' dir='ltr'>parcenarij</span> <span class='ocrx_word' id='word_1_94' title='bbox 1419 1715 1483 1777; x_wconf 89' lang='lat' dir='ltr'>eius</span> 
     </span>
     <span class='ocr_line' id='line_1_14' title="bbox 383 1815 1352 1901; baseline 0.001 -23"><span class='ocrx_word' id='word_1_95' title='bbox 383 1817 541 1893; x_wconf 88' lang='lat' dir='ltr'>similiter,</span> <span class='ocrx_word' id='word_1_96' title='bbox 557 1817 635 1898; x_wconf 89' lang='lat' dir='ltr'>quia</span> <span class='ocrx_word' id='word_1_97' title='bbox 651 1836 736 1901; x_wconf 89' lang='lat' dir='ltr'>pons</span> <span class='ocrx_word' id='word_1_98' title='bbox 751 1816 806 1881; x_wconf 91' lang='lat' dir='ltr'>ille</span> <span class='ocrx_word' id='word_1_99' title='bbox 822 1817 884 1880; x_wconf 88' lang='lat' dir='ltr'>iuit</span> <span class='ocrx_word' id='word_1_100' title='bbox 900 1815 1022 1880; x_wconf 80' lang='lat' dir='ltr'>fractus</span> <span class='ocrx_word' id='word_1_101' title='bbox 1037 1827 1072 1881; x_wconf 89' lang='lat' dir='ltr'>et</span> <span class='ocrx_word' id='word_1_102' title='bbox 1088 1837 1154 1881; x_wconf 91' lang='lat' dir='ltr'>non</span> <span class='ocrx_word' id='word_1_103' title='bbox 1170 1826 1352 1900; x_wconf 86' lang='lat' dir='ltr'>reparatus.</span> 
     </span>
    </p>

    <p class='ocr_par' dir='ltr' id='par_1_8' title="bbox 451 1919 1483 2005">
     <span class='ocr_line' id='line_1_15' title="bbox 451 1919 1483 2005; baseline 0 -23"><span class='ocrx_word' id='word_1_104' title='bbox 451 1919 536 1983; x_wconf 90' lang='lat' dir='ltr'>Item</span> <span class='ocrx_word' id='word_1_105' title='bbox 569 1920 662 1984; x_wconf 91' lang='lat' dir='ltr'>Prior</span> <span class='ocrx_word' id='word_1_106' title='bbox 691 1921 792 1984; x_wconf 90' lang='lat' dir='ltr'><strong>debet</strong></span> <span class='ocrx_word' id='word_1_107' title='bbox 819 1921 926 1984; x_wconf 88' lang='lat' dir='ltr'>facere</span> <span class='ocrx_word' id='word_1_108' title='bbox 952 1922 1007 1985; x_wconf 87' lang='lat' dir='ltr'>ix.</span> <span class='ocrx_word' id='word_1_109' title='bbox 1034 1922 1133 1985; x_wconf 92' lang='lat' dir='ltr'>rodas</span> <span class='ocrx_word' id='word_1_110' title='bbox 1162 1941 1262 2005; x_wconf 88' lang='lat' dir='ltr'>super</span> <span class='ocrx_word' id='word_1_111' title='bbox 1292 1920 1416 1986; x_wconf 90' lang='lat' dir='ltr'>Sedich</span> <span class='ocrx_word' id='word_1_112' title='bbox 1445 1919 1483 1984; x_wconf 82' lang='lat' dir='ltr'>ad</span> 
     </span>
    </p>
   </div>
   <div class='ocr_carea' id='block_1_3' title="bbox 383 2024 1484 2210">
    <p class='ocr_par' dir='ltr' id='par_1_9' title="bbox 383 2024 1484 2210">
     <span class='ocr_line' id='line_1_16' title="bbox 383 2024 1484 2108; baseline -0.001 -19"><span class='ocrx_word' id='word_1_113' title='bbox 383 2024 549 2108; x_wconf 84' lang='lat' dir='ltr'>thrigge</span> <span class='ocrx_word' id='word_1_114' title='bbox 570 2025 603 2090; x_wconf 92' lang='lat' dir='ltr'>in</span> <span class='ocrx_word' id='word_1_115' title='bbox 625 2025 783 2108; x_wconf 89' lang='lat' dir='ltr'>parochia</span> <span class='ocrx_word' id='word_1_116' title='bbox 805 2025 929 2090; x_wconf 88' lang='lat' dir='ltr'><strong>Sancte</strong></span> <span class='ocrx_word' id='word_1_117' title='bbox 952 2025 1059 2090; x_wconf 91' lang='lat' dir='ltr'>Marie</span> <span class='ocrx_word' id='word_1_118' title='bbox 1081 2025 1200 2090; x_wconf 90' lang='lat' dir='ltr'>Moder</span> <span class='ocrx_word' id='word_1_119' title='bbox 1221 2025 1355 2102; x_wconf 87' lang='lat' dir='ltr'>Cristes,</span> <span class='ocrx_word' id='word_1_120' title='bbox 1371 2034 1406 2089; x_wconf 88' lang='lat' dir='ltr'>et</span> <span class='ocrx_word' id='word_1_121' title='bbox 1421 2047 1484 2089; x_wconf 70' lang='lat' dir='ltr'>‚xa</span> 
     </span>
     <span class='ocr_line' id='line_1_17' title="bbox 383 2124 1304 2210; baseline 0 -22"><span class='ocrx_word' id='word_1_122' title='bbox 383 2125 483 2189; x_wconf 91' lang='lat' dir='ltr'>rodas</span> <span class='ocrx_word' id='word_1_123' title='bbox 498 2125 541 2190; x_wconf 90' lang='lat' dir='ltr'>ad</span> <span class='ocrx_word' id='word_1_124' title='bbox 558 2124 792 2210; x_wconf 86' lang='lat' dir='ltr'>Giidenegore,</span> <span class='ocrx_word' id='word_1_125' title='bbox 808 2136 842 2190; x_wconf 92' lang='lat' dir='ltr'>et</span> <span class='ocrx_word' id='word_1_126' title='bbox 857 2125 901 2188; x_wconf 89' lang='lat' dir='ltr'>ad</span> <span class='ocrx_word' id='word_1_127' title='bbox 918 2124 1090 2190; x_wconf 87' lang='lat' dir='ltr'>Pokedich</span> <span class='ocrx_word' id='word_1_128' title='bbox 1105 2125 1181 2207; x_wconf 83' lang='lat' dir='ltr'>‚viij.</span> <span class='ocrx_word' id='word_1_129' title='bbox 1196 2126 1304 2188; x_wconf 71' lang='lat' dir='ltr'>rodae</span> 
     </span>
    </p>
   </div>
   <div class='ocr_carea' id='block_1_4' title="bbox 673 2403 1201 2487">
    <p class='ocr_par' dir='ltr' id='par_1_10' title="bbox 673 2403 1201 2487">
     <span class='ocr_line' id='line_1_18' title="bbox 673 2403 1201 2487; baseline 0.002 -19"><span class='ocrx_word' id='word_1_130' title='bbox 673 2404 722 2468; x_wconf 89' lang='lat'>28.</span> <span class='ocrx_word' id='word_1_131' title='bbox 767 2403 945 2486; x_wconf 84' lang='lat' dir='ltr'>(Redditus</span> <span class='ocrx_word' id='word_1_132' title='bbox 959 2404 1201 2487; x_wconf 65' lang='lat' dir='ltr'>particulares.)</span> 
     </span>
    </p>
   </div>
   <div class='ocr_carea' id='block_1_5' title="bbox 382 2532 1486 2708">
    <p class='ocr_par' dir='ltr' id='par_1_11' title="bbox 382 2532 1486 2708">
     <span class='ocr_line' id='line_1_19' title="bbox 448 2532 1486 2618; baseline 0.001 -23"><span class='ocrx_word' id='word_1_133' title='bbox 448 2532 615 2596; x_wconf 90' lang='lat' dir='ltr'>Redditus</span> <span class='ocrx_word' id='word_1_134' title='bbox 638 2532 854 2618; x_wconf 84' lang='lat' dir='ltr'>particulares</span> <span class='ocrx_word' id='word_1_135' title='bbox 878 2534 1083 2616; x_wconf 88' lang='lat' dir='ltr'>pertinentes</span> <span class='ocrx_word' id='word_1_136' title='bbox 1106 2534 1149 2599; x_wconf 92' lang='lat' dir='ltr'>ad</span> <span class='ocrx_word' id='word_1_137' title='bbox 1174 2534 1324 2604; x_wconf 89' lang='lat' dir='ltr'>Priorem</span> <span class='ocrx_word' id='word_1_138' title='bbox 1344 2543 1379 2598; x_wconf 87' lang='lat' dir='ltr'>et</span> <span class='ocrx_word' id='word_1_139' title='bbox 1403 2533 1486 2599; x_wconf 91' lang='lat' dir='ltr'>Con·</span> 
     </span>
     <span class='ocr_line' id='line_1_20' title="bbox 382 2643 805 2708; baseline 0 0"><span class='ocrx_word' id='word_1_140' title='bbox 382 2653 519 2708; x_wconf 91' lang='lat' dir='ltr'>uentum</span> <span class='ocrx_word' id='word_1_141' title='bbox 536 2643 579 2708; x_wconf 89' lang='lat' dir='ltr'>de</span> <span class='ocrx_word' id='word_1_142' title='bbox 595 2643 805 2708; x_wconf 87' lang='lat' dir='ltr'>Bernewelle.</span> 
     </span>
    </p>
   </div>
   <div class='ocr_carea' id='block_1_6' title="bbox 346 2779 1488 3287">
    <p class='ocr_par' dir='ltr' id='par_1_12' title="bbox 436 2779 1487 2850">
     <span class='ocr_line' id='line_1_21' title="bbox 436 2779 1487 2850; baseline -0.001 -16"><span class='ocrx_word' id='word_1_143' title='bbox 436 2782 481 2834; x_wconf 91' lang='lat' dir='ltr'>De</span> <span class='ocrx_word' id='word_1_144' title='bbox 494 2781 606 2834; x_wconf 84' lang='lat' dir='ltr'><strong>Abbate</strong></span> <span class='ocrx_word' id='word_1_145' title='bbox 619 2781 656 2835; x_wconf 90' lang='lat' dir='ltr'>de</span> <span class='ocrx_word' id='word_1_146' title='bbox 670 2781 797 2834; x_wconf 87' lang='lat' dir='ltr'>Derham</span> <span class='ocrx_word' id='word_1_147' title='bbox 811 2781 838 2834; x_wconf 92' lang='lat' dir='ltr'>in</span> <span class='ocrx_word' id='word_1_148' title='bbox 854 2779 981 2834; x_wconf 89' lang='lat' dir='ltr'>Derham</span> <span class='ocrx_word' id='word_1_149' title='bbox 1206 2779 1298 2850; x_wconf 84' lang='lat' dir='ltr'>.xvj.d.</span> <span class='ocrx_word' id='word_1_150' title='bbox 1311 2797 1363 2850; x_wconf 86' lang='lat' dir='ltr'>per</span> <span class='ocrx_word' id='word_1_151' title='bbox 1373 2797 1487 2835; x_wconf 80' lang='lat' dir='ltr'>annrun</span> 
     </span>
    </p>

    <p class='ocr_par' dir='ltr' id='par_1_13' title="bbox 346 2867 1488 3200">
     <span class='ocr_line' id='line_1_22' title="bbox 346 2867 1486 2923; baseline 0.002 -3"><span class='ocrx_word' id='word_1_152' title='bbox 346 2911 348 2920; x_wconf 21' lang='grc' dir='ltr'><em>Α</em></span> <span class='ocrx_word' id='word_1_153' title='bbox 436 2869 481 2923; x_wconf 89' lang='lat' dir='ltr'>De</span> <span class='ocrx_word' id='word_1_154' title='bbox 495 2867 732 2923; x_wconf 87' lang='lat' dir='ltr'>Cierkennewelle</span> <span class='ocrx_word' id='word_1_155' title='bbox 1290 2867 1388 2922; x_wconf 83' lang='lat' dir='ltr'>dimid</span> <span class='ocrx_word' id='word_1_156' title='bbox 1404 2885 1486 2922; x_wconf 81' lang='lat' dir='ltr'>mare</span> 
     </span>
     <span class='ocr_line' id='line_1_23' title="bbox 435 2953 1486 3024; baseline 0.002 -18"><span class='ocrx_word' id='word_1_157' title='bbox 435 2955 480 3008; x_wconf 88' lang='lat' dir='ltr'>De</span> <span class='ocrx_word' id='word_1_158' title='bbox 493 2953 682 3008; x_wconf 87' lang='lat' dir='ltr'>Waterbeche</span> <span class='ocrx_word' id='word_1_159' title='bbox 1313 2953 1392 3023; x_wconf 60' lang='lat' dir='ltr'>siju.</span> <span class='ocrx_word' id='word_1_160' title='bbox 1407 2953 1486 3024; x_wconf 62' lang='lat' dir='ltr'>xiid</span> 
     </span>
     <span class='ocr_line' id='line_1_24' title="bbox 435 3041 1486 3112; baseline 0 -18"><span class='ocrx_word' id='word_1_161' title='bbox 435 3043 481 3095; x_wconf 86' lang='lat' dir='ltr'>De</span> <span class='ocrx_word' id='word_1_162' title='bbox 495 3041 591 3096; x_wconf 88' lang='lat' dir='ltr'>Risebi</span> <span class='ocrx_word' id='word_1_163' title='bbox 1092 3041 1177 3112; x_wconf 83' lang='lat' dir='ltr'>.iiij.d.</span> <span class='ocrx_word' id='word_1_164' title='bbox 1191 3051 1219 3096; x_wconf 88' lang='lat' dir='ltr'>et</span> <span class='ocrx_word' id='word_1_165' title='bbox 1232 3057 1283 3112; x_wconf 83' lang='lat' dir='ltr'>pro</span> <span class='ocrx_word' id='word_1_166' title='bbox 1296 3041 1393 3096; x_wconf 85' lang='lat' dir='ltr'>warda</span> <span class='ocrx_word' id='word_1_167' title='bbox 1406 3041 1486 3112; x_wconf 85' lang='lat' dir='ltr'>.xij.d.</span> 
     </span>
     <span class='ocr_line' id='line_1_25' title="bbox 436 3127 1488 3200; baseline 0 -18"><span class='ocrx_word' id='word_1_168' title='bbox 436 3131 469 3183; x_wconf 89' lang='lat' dir='ltr'>In</span> <span class='ocrx_word' id='word_1_169' title='bbox 483 3128 703 3198; x_wconf 84' lang='lat' dir='ltr'>Wyuelingham</span> <span class='ocrx_word' id='word_1_170' title='bbox 718 3128 754 3182; x_wconf 88' lang='lat' dir='ltr'>de</span> <span class='ocrx_word' id='word_1_171' title='bbox 766 3128 913 3198; x_wconf 82' lang='lat' dir='ltr'>mesuagio</span> <span class='ocrx_word' id='word_1_172' title='bbox 922 3128 949 3182; x_wconf 88' lang='lat' dir='ltr'>le</span> <span class='ocrx_word' id='word_1_173' title='bbox 960 3128 1100 3183; x_wconf 88' lang='lat' dir='ltr'>Clobbere</span> <span class='ocrx_word' id='word_1_174' title='bbox 1112 3141 1140 3182; x_wconf 87' lang='lat' dir='ltr'>et</span> <span class='ocrx_word' id='word_1_175' title='bbox 1153 3128 1316 3200; x_wconf 89' lang='lat' dir='ltr'>quindecim</span> <span class='ocrx_word' id='word_1_176' title='bbox 1328 3127 1403 3182; x_wconf 88' lang='lat' dir='ltr'>acris</span> <span class='ocrx_word' id='word_1_177' title='bbox 1417 3139 1488 3185; x_wconf 86' lang='lat' dir='ltr'>terre</span> 
     </span>
    </p>

    <p class='ocr_par' dir='ltr' id='par_1_14' title="bbox 381 3214 1392 3287">
     <span class='ocr_line' id='line_1_26' title="bbox 381 3214 1392 3287; baseline -0.001 -18"><span class='ocrx_word' id='word_1_178' title='bbox 381 3215 466 3287; x_wconf 88' lang='lat' dir='ltr'>.iiij.d.</span> <span class='ocrx_word' id='word_1_179' title='bbox 480 3232 657 3286; x_wconf 85' lang='lat' dir='ltr'>perannum,</span> <span class='ocrx_word' id='word_1_180' title='bbox 671 3214 778 3270; x_wconf 87' lang='lat' dir='ltr'>scilicet</span> <span class='ocrx_word' id='word_1_181' title='bbox 791 3215 868 3269; x_wconf 87' lang='lat' dir='ltr'>iuxta</span> <span class='ocrx_word' id='word_1_182' title='bbox 880 3215 1056 3284; x_wconf 88' lang='lat' dir='ltr'>mesuagium</span> <span class='ocrx_word' id='word_1_183' title='bbox 1069 3215 1207 3285; x_wconf 86' lang='lat' dir='ltr'>Johannis</span> <span class='ocrx_word' id='word_1_184' title='bbox 1220 3215 1256 3269; x_wconf 91' lang='lat' dir='ltr'>de</span> <span class='ocrx_word' id='word_1_185' title='bbox 1271 3216 1392 3268; x_wconf 90' lang='lat' dir='ltr'>Brunne.</span> 
     </span>
    </p>
   </div>
   <div class='ocr_carea' id='block_1_7' title="bbox 266 3299 1487 3380">
    <p class='ocr_par' dir='ltr' id='par_1_15' title="bbox 266 3299 1487 3380">
     <span class='ocr_line' id='line_1_27' title="bbox 266 3299 1487 3380; baseline 0.002 -25"><span class='ocrx_word' id='word_1_186' title='bbox 266 3316 282 3366; x_wconf 76' lang='lat' dir='ltr'>s,</span> <span class='ocrx_word' id='word_1_187' title='bbox 300 3316 368 3380; x_wconf 69' lang='lat' dir='ltr'>Wtb</span> <span class='ocrx_word' id='word_1_188' title='bbox 435 3305 480 3356; x_wconf 86' lang='lat' dir='ltr'>De</span> <span class='ocrx_word' id='word_1_189' title='bbox 494 3302 617 3357; x_wconf 86' lang='lat' dir='ltr'>Ricardo</span> <span class='ocrx_word' id='word_1_190' title='bbox 628 3301 656 3356; x_wconf 84' lang='lat' dir='ltr'>le</span> <span class='ocrx_word' id='word_1_191' title='bbox 669 3301 766 3356; x_wconf 84' lang='lat' dir='ltr'>sullere</span> <span class='ocrx_word' id='word_1_192' title='bbox 778 3301 815 3355; x_wconf 89' lang='lat' dir='ltr'>de</span> <span class='ocrx_word' id='word_1_193' title='bbox 829 3301 1003 3356; x_wconf 84' lang='lat' dir='ltr'>Huntedone</span> <span class='ocrx_word' id='word_1_194' title='bbox 1217 3299 1296 3370; x_wconf 83' lang='lat' dir='ltr'>.iiij.s.</span> <span class='ocrx_word' id='word_1_195' title='bbox 1311 3317 1487 3371; x_wconf 81' lang='lat' dir='ltr'>perannum</span> 
     </span>
    </p>
   </div>
   <div class='ocr_carea' id='block_1_8' title="bbox 432 3387 1488 4516">
    <p class='ocr_par' dir='ltr' id='par_1_16' title="bbox 435 3387 1487 3548">
     <span class='ocr_line' id='line_1_28' title="bbox 436 3387 1487 3460; baseline 0.001 -17"><span class='ocrx_word' id='word_1_196' title='bbox 436 3391 481 3445; x_wconf 87' lang='lat' dir='ltr'>De</span> <span class='ocrx_word' id='word_1_197' title='bbox 493 3389 638 3444; x_wconf 88' lang='lat' dir='ltr'>Willelmo</span> <span class='ocrx_word' id='word_1_198' title='bbox 650 3389 686 3443; x_wconf 90' lang='lat' dir='ltr'>de</span> <span class='ocrx_word' id='word_1_199' title='bbox 700 3387 827 3444; x_wconf 88' lang='lat' dir='ltr'>Stiuekle</span> <span class='ocrx_word' id='word_1_200' title='bbox 839 3387 875 3442; x_wconf 91' lang='lat' dir='ltr'>de</span> <span class='ocrx_word' id='word_1_201' title='bbox 887 3388 989 3444; x_wconf 84' lang='lat' dir='ltr'>eadem</span> <span class='ocrx_word' id='word_1_202' title='bbox 1428 3391 1487 3460; x_wconf 60' lang='lat' dir='ltr'>dja.</span> 
     </span>
     <span class='ocr_line' id='line_1_29' title="bbox 435 3475 993 3548; baseline -0.007 -16"><span class='ocrx_word' id='word_1_203' title='bbox 435 3479 481 3532; x_wconf 92' lang='lat' dir='ltr'>De</span> <span class='ocrx_word' id='word_1_204' title='bbox 492 3477 622 3548; x_wconf 84' lang='lat' dir='ltr'>Johanne</span> <span class='ocrx_word' id='word_1_205' title='bbox 636 3477 750 3531; x_wconf 80' lang='lat' dir='ltr'>Pollard</span> <span class='ocrx_word' id='word_1_206' title='bbox 762 3476 798 3531; x_wconf 90' lang='lat' dir='ltr'>de</span> <span class='ocrx_word' id='word_1_207' title='bbox 812 3475 993 3543; x_wconf 82' lang='lat' dir='ltr'>Feudrayton</span> 
     </span>
    </p>

    <p class='ocr_par' dir='ltr' id='par_1_17' title="bbox 434 3563 967 3621">
     <span class='ocr_line' id='line_1_30' title="bbox 434 3563 967 3621; baseline -0.004 -2"><span class='ocrx_word' id='word_1_208' title='bbox 434 3567 481 3621; x_wconf 88' lang='lat' dir='ltr'>De</span> <span class='ocrx_word' id='word_1_209' title='bbox 494 3581 577 3620; x_wconf 89' lang='lat' dir='ltr'>vxore</span> <span class='ocrx_word' id='word_1_210' title='bbox 590 3566 701 3619; x_wconf 91' lang='lat' dir='ltr'>Thome</span> <span class='ocrx_word' id='word_1_211' title='bbox 715 3565 805 3618; x_wconf 89' lang='lat' dir='ltr'>Lomb</span> <span class='ocrx_word' id='word_1_212' title='bbox 817 3563 854 3618; x_wconf 90' lang='lat' dir='ltr'>de</span> <span class='ocrx_word' id='word_1_213' title='bbox 866 3564 967 3618; x_wconf 87' lang='lat' dir='ltr'>eadem</span> 
     </span>
    </p>

    <p class='ocr_par' dir='ltr' id='par_1_18' title="bbox 433 3651 1488 3902">
     <span class='ocr_line' id='line_1_31' title="bbox 434 3651 1487 3728; baseline 0.002 -19"><span class='ocrx_word' id='word_1_214' title='bbox 434 3657 480 3710; x_wconf 87' lang='lat' dir='ltr'>De</span> <span class='ocrx_word' id='word_1_215' title='bbox 492 3655 622 3725; x_wconf 89' lang='lat' dir='ltr'>Johanne</span> <span class='ocrx_word' id='word_1_216' title='bbox 634 3654 670 3707; x_wconf 91' lang='lat' dir='ltr'>de</span> <span class='ocrx_word' id='word_1_217' title='bbox 684 3655 798 3708; x_wconf 91' lang='lat' dir='ltr'>Brunne</span> <span class='ocrx_word' id='word_1_218' title='bbox 811 3652 840 3706; x_wconf 89' lang='lat' dir='ltr'>in</span> <span class='ocrx_word' id='word_1_219' title='bbox 853 3651 1064 3722; x_wconf 82' lang='lat' dir='ltr'>Wiuelingham</span> <span class='ocrx_word' id='word_1_220' title='bbox 1405 3656 1487 3728; x_wconf 64' lang='lat' dir='ltr'>adjut</span> 
     </span>
     <span class='ocr_line' id='line_1_32' title="bbox 434 3741 1488 3809; baseline -0.004 -11"><span class='ocrx_word' id='word_1_221' title='bbox 434 3745 480 3798; x_wconf 88' lang='lat' dir='ltr'>De</span> <span class='ocrx_word' id='word_1_222' title='bbox 492 3741 656 3796; x_wconf 90' lang='lat' dir='ltr'>molendino</span> <span class='ocrx_word' id='word_1_223' title='bbox 669 3741 704 3795; x_wconf 88' lang='lat' dir='ltr'>de</span> <span class='ocrx_word' id='word_1_224' title='bbox 719 3743 857 3796; x_wconf 86' lang='lat' dir='ltr'>Stantone</span> <span class='ocrx_word' id='word_1_225' title='bbox 889 3768 891 3772; x_wconf 55' lang='lat'>&gt;</span> <span class='ocrx_word' id='word_1_226' title='bbox 1403 3741 1488 3809; x_wconf 70' lang='lat' dir='ltr'>adjut</span> 
     </span>
     <span class='ocr_line' id='line_1_33' title="bbox 433 3827 1427 3902; baseline 0.001 -19"><span class='ocrx_word' id='word_1_227' title='bbox 433 3830 521 3902; x_wconf 91' lang='lat' dir='ltr'>(quod</span> <span class='ocrx_word' id='word_1_228' title='bbox 533 3829 692 3884; x_wconf 87' lang='lat' dir='ltr'>Willelmus</span> <span class='ocrx_word' id='word_1_229' title='bbox 705 3828 741 3882; x_wconf 87' lang='lat' dir='ltr'>de</span> <span class='ocrx_word' id='word_1_230' title='bbox 756 3827 877 3896; x_wconf 85' lang='lat' dir='ltr'>Gryuele</span> <span class='ocrx_word' id='word_1_231' title='bbox 889 3843 964 3881; x_wconf 89' lang='lat' dir='ltr'>nunc</span> <span class='ocrx_word' id='word_1_232' title='bbox 977 3835 1053 3882; x_wconf 87' lang='lat' dir='ltr'><strong>tenet</strong></span> <span class='ocrx_word' id='word_1_233' title='bbox 1066 3843 1131 3882; x_wconf 89' lang='lat' dir='ltr'>cum</span> <span class='ocrx_word' id='word_1_234' title='bbox 1145 3845 1231 3882; x_wconf 71' lang='lat' dir='ltr'>mv.</span> <span class='ocrx_word' id='word_1_235' title='bbox 1246 3829 1319 3882; x_wconf 85' lang='lat' dir='ltr'>acris</span> <span class='ocrx_word' id='word_1_236' title='bbox 1332 3829 1427 3896; x_wconf 79' lang='lat' dir='ltr'>terre.)</span> 
     </span>
    </p>

    <p class='ocr_par' dir='ltr' id='par_1_19' title="bbox 432 3916 1487 4516">
     <span class='ocr_line' id='line_1_34' title="bbox 435 3916 1486 3987; baseline -0.004 -13"><span class='ocrx_word' id='word_1_237' title='bbox 435 3921 479 3974; x_wconf 91' lang='lat' dir='ltr'>De</span> <span class='ocrx_word' id='word_1_238' title='bbox 493 3918 609 3973; x_wconf 93' lang='lat' dir='ltr'>domino</span> <span class='ocrx_word' id='word_1_239' title='bbox 622 3917 658 3970; x_wconf 89' lang='lat' dir='ltr'>de</span> <span class='ocrx_word' id='word_1_240' title='bbox 672 3917 834 3986; x_wconf 88' lang='lat' dir='ltr'>Ramptone</span> <span class='ocrx_word' id='word_1_241' title='bbox 1419 3916 1486 3987; x_wconf 72' lang='lat' dir='ltr'>,vin</span> 
     </span>
     <span class='ocr_line' id='line_1_35' title="bbox 434 4003 1487 4075; baseline -0.003 -13"><span class='ocrx_word' id='word_1_242' title='bbox 434 4011 478 4063; x_wconf 89' lang='lat' dir='ltr'>De</span> <span class='ocrx_word' id='word_1_243' title='bbox 494 4009 620 4063; x_wconf 86' lang='lat' dir='ltr'>Henrico</span> <span class='ocrx_word' id='word_1_244' title='bbox 635 4005 759 4062; x_wconf 85' lang='lat' dir='ltr'>Bertelot</span> <span class='ocrx_word' id='word_1_245' title='bbox 772 4005 808 4060; x_wconf 91' lang='lat' dir='ltr'>de</span> <span class='ocrx_word' id='word_1_246' title='bbox 822 4003 960 4059; x_wconf 84' lang='lat' dir='ltr'>Coteham</span> <span class='ocrx_word' id='word_1_247' title='bbox 1346 4003 1407 4075; x_wconf 67' lang='lat' dir='ltr'>,ij-r.</span> <span class='ocrx_word' id='word_1_248' title='bbox 1421 4005 1487 4075; x_wconf 85' lang='lat' dir='ltr'>.ij.d.</span> 
     </span>
     <span class='ocr_line' id='line_1_36' title="bbox 434 4091 1487 4166; baseline -0.003 -16"><span class='ocrx_word' id='word_1_249' title='bbox 434 4098 478 4150; x_wconf 89' lang='lat' dir='ltr'>De</span> <span class='ocrx_word' id='word_1_250' title='bbox 490 4096 621 4166; x_wconf 85' lang='lat' dir='ltr'>Johanne</span> <span class='ocrx_word' id='word_1_251' title='bbox 634 4095 765 4163; x_wconf 84' lang='lat' dir='ltr'>Thurgar</span> <span class='ocrx_word' id='word_1_252' title='bbox 777 4092 806 4147; x_wconf 90' lang='lat' dir='ltr'>iu</span> <span class='ocrx_word' id='word_1_253' title='bbox 819 4093 920 4147; x_wconf 90' lang='lat' dir='ltr'>eadem</span> <span class='ocrx_word' id='word_1_254' title='bbox 1305 4091 1385 4161; x_wconf 61' lang='lat' dir='ltr'>,iiijn</span> <span class='ocrx_word' id='word_1_255' title='bbox 1400 4091 1487 4162; x_wconf 64' lang='lat' dir='ltr'>viijnt</span> 
     </span>
     <span class='ocr_line' id='line_1_37' title="bbox 434 4177 1486 4248; baseline -0.004 -12"><span class='ocrx_word' id='word_1_256' title='bbox 434 4184 478 4238; x_wconf 91' lang='lat' dir='ltr'>De</span> <span class='ocrx_word' id='word_1_257' title='bbox 493 4181 615 4236; x_wconf 86' lang='lat' dir='ltr'>Matilda</span> <span class='ocrx_word' id='word_1_258' title='bbox 627 4181 663 4234; x_wconf 93' lang='lat' dir='ltr'>de</span> <span class='ocrx_word' id='word_1_259' title='bbox 675 4181 703 4234; x_wconf 84' lang='lat' dir='ltr'>la</span> <span class='ocrx_word' id='word_1_260' title='bbox 718 4180 836 4234; x_wconf 88' lang='lat' dir='ltr'>Marche</span> <span class='ocrx_word' id='word_1_261' title='bbox 848 4178 884 4232; x_wconf 88' lang='lat' dir='ltr'>de</span> <span class='ocrx_word' id='word_1_262' title='bbox 899 4179 1030 4246; x_wconf 84' lang='lat' dir='ltr'><strong>Hystone</strong></span> <span class='ocrx_word' id='word_1_263' title='bbox 1407 4177 1486 4248; x_wconf 84' lang='lat' dir='ltr'>.vij.s.</span> 
     </span>
     <span class='ocr_line' id='line_1_38' title="bbox 433 4265 1485 4336; baseline -0.003 -12"><span class='ocrx_word' id='word_1_264' title='bbox 433 4273 476 4324; x_wconf 93' lang='lat' dir='ltr'>De</span> <span class='ocrx_word' id='word_1_265' title='bbox 490 4271 617 4324; x_wconf 89' lang='lat' dir='ltr'>Henrico</span> <span class='ocrx_word' id='word_1_266' title='bbox 629 4269 666 4323; x_wconf 90' lang='lat' dir='ltr'>de</span> <span class='ocrx_word' id='word_1_267' title='bbox 679 4269 706 4322; x_wconf 88' lang='lat' dir='ltr'>la</span> <span class='ocrx_word' id='word_1_268' title='bbox 720 4269 838 4322; x_wconf 88' lang='lat' dir='ltr'>Marche</span> <span class='ocrx_word' id='word_1_269' title='bbox 851 4267 888 4320; x_wconf 87' lang='lat' dir='ltr'>de</span> <span class='ocrx_word' id='word_1_270' title='bbox 903 4265 1043 4336; x_wconf 84' lang='lat' dir='ltr'>lmpitone</span> <span class='ocrx_word' id='word_1_271' title='bbox 1403 4267 1485 4336; x_wconf 67' lang='lat' dir='ltr'>,xiid</span> 
     </span>
     <span class='ocr_line' id='line_1_39' title="bbox 433 4354 1485 4425; baseline -0.005 -11"><span class='ocrx_word' id='word_1_272' title='bbox 433 4362 477 4414; x_wconf 90' lang='lat' dir='ltr'>De</span> <span class='ocrx_word' id='word_1_273' title='bbox 491 4360 605 4413; x_wconf 91' lang='lat' dir='ltr'>Thoma</span> <span class='ocrx_word' id='word_1_274' title='bbox 620 4358 714 4411; x_wconf 88' lang='lat' dir='ltr'><strong>Letice</strong></span> <span class='ocrx_word' id='word_1_275' title='bbox 728 4357 764 4410; x_wconf 91' lang='lat' dir='ltr'>de</span> <span class='ocrx_word' id='word_1_276' title='bbox 779 4354 949 4409; x_wconf 87' lang='lat' dir='ltr'><strong>Landbeehe</strong></span> <span class='ocrx_word' id='word_1_277' title='bbox 1413 4355 1485 4425; x_wconf 82' lang='lat' dir='ltr'>.vj.d.</span> 
     </span>
     <span class='ocr_line' id='line_1_40' title="bbox 432 4439 1487 4516; baseline -0.005 -14"><span class='ocrx_word' id='word_1_278' title='bbox 432 4449 476 4502; x_wconf 91' lang='lat' dir='ltr'>De</span> <span class='ocrx_word' id='word_1_279' title='bbox 488 4447 600 4502; x_wconf 84' lang='lat' dir='ltr'>Thoma</span> <span class='ocrx_word' id='word_1_280' title='bbox 614 4446 736 4500; x_wconf 84' lang='lat' dir='ltr'>Freman</span> <span class='ocrx_word' id='word_1_281' title='bbox 749 4443 785 4498; x_wconf 87' lang='lat' dir='ltr'>de</span> <span class='ocrx_word' id='word_1_282' title='bbox 799 4444 936 4497; x_wconf 86' lang='lat' dir='ltr'>Grettoue</span> <span class='ocrx_word' id='word_1_283' title='bbox 1184 4439 1266 4510; x_wconf 67' lang='lat' dir='ltr'>‚xiid</span> <span class='ocrx_word' id='word_1_284' title='bbox 1280 4439 1360 4512; x_wconf 86' lang='lat' dir='ltr'>[item</span> <span class='ocrx_word' id='word_1_285' title='bbox 1373 4441 1487 4516; x_wconf 73' lang='lat' dir='ltr'>quemn]</span> 
     </span>
    </p>
   </div>
   <div class='ocr_carea' id='block_1_9' title="bbox 0 0 1598 5078">
    <p class='ocr_par' dir='ltr' id='par_1_20' title="bbox 0 0 1598 5078">
     <span class='ocr_line' id='line_1_41' title="bbox 0 0 1598 5078; baseline 0 0"><span class='ocrx_word' id='word_1_286' title='bbox 0 0 1598 5078; x_wconf 95' lang='lat' dir='ltr'> </span> 
     </span>
    </p>
   </div>
  </div>
 </body>
</html>
