3212 5064
177 387 211 486 1]
370 389 433 486 Of
447 389 559 489 King
573 377 706 491 solim·
737 392 819 465 and
838 393 899 467 tlae
924 394 1113 468 Interdict
1243 415 1290 489 59

179 583 231 665 36.
277 582 329 648 Dc
349 585 438 670 Rege
463 583 615 659 Jokanm
636 589 728 652 etde
748 599 885 672 tempore
908 591 1075 657 interdicti
1095 592 1130 656 in
1153 592 1290 676 Anglia.
1306 613 1322 662 t.
1337 629 1368 665 ιο

248 715 326 779 Rex
356 715 527 798 Johannes
562 717 663 783 irater
697 720 768 783 eius
803 723 962 786 successit
998 723 1036 787 ei.
1094 723 1171 802 Hic,
1201 722 1291 788 sacto

179 819 330 884 diuorcio
359 821 536 904 sollempni
568 824 654 887 inter
684 823 792 907 ipsum
824 835 858 890 et
888 847 1027 890 vxorem
1059 848 1155 891 suam
1187 825 1289 891 filiam
1304 827 1412 928 Οῑξξῃῑ

179 924 314 988 comitis
350 923 564 1004 Gloucestrie,
594 929 674 1010 quia
704 940 798 992 erant
829 929 945 994 affines
976 930 1008 994 in
1045 933 1148 995 tercio
1183 934 1288 1015 gradu
1300 879 1453 1032 Ξὲζὲἒξῆ,

178 1029 487 1112 consanguinitatis,
503 1030 603 1095 duxit
624 1034 656 1097 in
679 1054 819 1098 uxorem
837 1034 940 1100 filiam
958 1036 1100 1101 Comitis
1115 1039 1158 1101 de
1175 1037 1289 1121 Engo·

179 1132 300 1199 lisma¹.
355 1134 495 1200 Factum
524 1145 574 1200 est
604 1139 760 1220 generale
791 1140 1004 1205 interdictum
1033 1141 1065 1204 in
1092 1140 1229 1225 Anglia,
1256 1151 1289 1206 et
1303 1153 1454 1246 pgttpgimn

179 1239 306 1323 incepit
329 1261 420 1304 anno
446 1242 490 1305 ab
516 1241 748 1308 incarnacione
775 1244 903 1308 domini
931 1251 985 1308 m⁰.
1008 1251 1066 1309 cc⁰.
1089 1245 1179 1329 viij⁰.,
1201 1266 1290 1310 nono
1302 1256 1344 1346 gp
1355 1254 1429 1346 ἔξω,

182 1343 258 1407 Kal.
301 1343 437 1428 Aprilis,
478 1343 558 1408 seria
596 1345 743 1410 secunda
782 1359 859 1431 post
901 1341 1044 1432 prim'am
1086 1351 1288 1415 dominicam
1303 1353 1453 1456 ffltgddgffm

180 1449 344 1532 passionis
365 1450 492 1514 domini
506 1471 514 1527 3
537 1460 571 1515 et
586 1451 720 1516 durauit
736 1474 841 1537 usque
858 1455 889 1517 in
907 1475 1032 1519 annum
1050 1455 1290 1519 incarnacionis
1303 1455 1434 1554 {gfff

180 1553 309 1618 domini
322 1561 376 1618 m⁰.
389 1561 447 1619 cc⁰.
460 1556 552 1619 xiiii⁰.
591 1555 670 1619 Rex
685 1578 763 1622 uero
776 1559 808 1621 in
822 1559 964 1623 exordio
976 1559 1143 1623 interdicti
1156 1559 1290 1641 publico
1305 1567 1362 1604 ¹²¹⁴·

180 1655 291 1718 edicto
318 1653 468 1719 redditus
497 1665 531 1719 et
565 1657 791 1739 possessiones
827 1657 1041 1723 ecclesiarum
1074 1678 1289 1741 personarum

179 1757 329 1840 precepit
355 1758 536 1823 confiscari.
595 1759 703 1838 Unde,
727 1761 863 1844 prelatis
890 1763 1030 1827 ecclesie
1056 1763 1195 1826 exilium
1219 1784 1290 1827 sus·

179 1864 373 1940 tinentibus,
401 1876 471 1929 tam
502 1865 608 1931 clerus
637 1887 739 1949 quam
771 1867 915 1951 populus
942 1888 1002 1951 per
1027 1867 1290 1951 quinquennium

179 1971 340 2052 pressuris
357 1972 455 2034 uariis
471 1980 505 2035 et
520 1971 677 2054 dampnis
693 1972 841 2035 onerosis
857 1970 1000 2035 afflictus
1019 1981 1077 2036 est.
1123 1972 1290 2036 Dominus

180 2086 294 2140 autem
322 2095 410 2159 papa
441 2097 500 2158 per
530 2077 755 2141 internuncios
786 2078 935 2160 epistolis
965 2078 1033 2142 suis
1064 2077 1290 2142 mediantibus

178 2199 257 2244 eum
284 2181 327 2244 de
351 2200 460 2245 errore
484 2201 545 2244 suo
569 2180 691 2246 blande
717 2181 902 2265 leniterque
928 2183 1019 2247 nisus
1046 2193 1098 2248 est
1125 2204 1290 2261 reuocare,

178 2285 238 2349 sed
261 2283 401 2362 frustra;
424 2295 458 2348 et
478 2285 554 2348 ideo
575 2285 608 2349 in
629 2306 806 2369 personam
824 2287 950 2371 regiam
965 2289 1170 2353 sentenciam
1187 2289 1289 2354 dedit.

178 2388 335 2452 Tandem
366 2389 512 2471 prefatus
543 2410 603 2454 rex
629 2389 800 2472 Johannes
828 2391 990 2475 obligauit
1020 2413 1056 2457 se
1087 2402 1120 2456 et
1150 2393 1288 2457 heredes

177 2513 258 2556 suos
299 2493 532 2575 inperpetuum
576 2503 689 2558 tenere
733 2515 871 2578 regnum
914 2495 1039 2579 Anglie
1076 2507 1111 2561 et
1149 2517 1287 2580 regnum

180 2597 356 2680 Hybernie
371 2595 414 2660 de
429 2595 568 2660 domino
589 2619 685 2681 papa,
701 2597 864 2662 soluendo
879 2619 941 2681 pro
961 2601 1009 2662 eis
1030 2600 1170 2682 singulis
1192 2602 1288 2664 annis

178 2705 413 2786 inperpetuum
430 2702 529 2766 Curie
546 2700 699 2766 Romane
715 2723 768 2766 m.
784 2723 912 2767 marcas
928 2703 1171 2786 sterlingorum.

246 2807 427 2872 Sciendum
454 2807 545 2889 quod
572 2827 672 2870 causa
699 2807 865 2870 interdicti
897 2805 959 2870 luit
988 2807 1073 2872 talis.
1119 2806 1288 2874 Defuncto
1302 2813 1371 2864 why
1380 2813 1422 2856 ‘¹¹⁰

1302 2863 1421 2907 InterdIet

181 2911 337 2976 Huberto
361 2908 649 2994 Archiepiscopo',
671 2921 704 2975 et
727 2911 916 2994 Stephano³
939 2923 1054 2976 contra
1078 2913 1286 2978 uoluntatem
1301 2927 1452 3016 mm

178 3015 265 3098 regis
292 3035 351 3098 per
378 3014 551 3078 dominum
583 3035 706 3098 papam
738 3015 975 3079 innocencium
1006 3017 1197 3095 substituto,
1227 3039 1287 3082 rex
1303 3015 1427 3066 ³⁰²¹⁸¹²“·

177 3121 289 3204 ipsum
314 3119 614 3203 Archiepiscopum
643 3119 853 3203 Stephanum
885 3120 918 3182 in
949 3121 1029 3183 sede
1055 3141 1116 3184 sua
1143 3122 1288 3205 recipere

178 3225 353 3290 recusauit
401 3225 541 3308 Insuper
568 3234 602 3288 et
628 3235 832 3289 conuentum
861 3223 1111 3290 cantuariensis
1139 3225 1288 3290 Ecclesie

178 3339 315 3414 propter
349 3328 550 3393 eleccionem
586 3329 657 3392 eius
688 3349 746 3412 per
776 3328 937 3393 satellites
967 3350 1045 3392 suos
1075 3329 1117 3394 de
1147 3329 1288 3394 ecclesia

176 3445 293 3499 sancte
325 3433 500 3498 Trinitatis
529 3433 634 3510 eiecit,
658 3442 692 3497 et
719 3432 762 3496 ab
790 3431 917 3514 Anglia
944 3431 1123 3516 expulsum
1151 3432 1289 3498 exulare

177 3538 297 3622 coegit

247 3641 314 3705 Iste
342 3659 401 3702 rex
428 3638 598 3722 Johannes
626 3637 720 3701 dedit
747 3635 844 3700 nobis
870 3635 987 3700 decem
1018 3636 1120 3701 libras
1149 3640 1193 3702 de
1222 3640 1445 3748 ele·ss?,‡,'3¹{¹l¹,‘

179 3745 311 3808 mosina
336 3763 405 3819 sua,
429 3753 464 3806 et
488 3741 580 3822 regni
608 3741 657 3804 sui
684 3760 774 3803 anno
800 3740 909 3821 primo
932 3740 1096 3804 concessit
1118 3743 1286 3806 canonicis
1300 3747 1451 3840 mmo

176 3853 222 3914 de
248 3847 447 3912 Bemewelle
474 3843 658 3910 manerium
683 3846 726 3908 de
750 3844 947 3909 Cestertone
971 3847 1014 3909 ad
1038 3843 1127 3910 feodi
1154 3845 1284 3911 firmam
1299 3846 1407 3947 3233„

175 3975 238 4038 pro
254 3973 350 4017 ,xxx
366 3951 457 4015 libris
478 3949 637 4027 blanchis,
653 3951 699 4012 ita
715 3949 804 4031 quod
827 3949 960 4032 quietus
975 3959 1063 4013 esset
1077 3951 1121 4014 de
1137 3971 1179 4014 .x.
1196 3949 1286 4014 libris
1300 3947 1423 4040 ffiffigf

175 4059 221 4122 de
236 4059 418 4122 elemosina
433 4054 591 4139 predicta
1299 4046 1413 4138 325⁸&-

226 4185 235 4218 ¹
254 4185 410 4251 Engolismo¹
424 4179 683 4246 MS.=Angoulime.

225 4269 236 4301 ¹
254 4269 353 4320 Hubert
365 4267 535 4325 biti-Walter,
549 4266 609 4330 Abp
621 4265 650 4316 oi
658 4265 814 4328 Canterbury
829 4279 989 4330 1193—1205
1001 4265 1036 4324 (d.
1053 4281 1081 4328 ¹3
1092 4265 1170 4330 Jnly).

224 4351 365 4417 ²Stephen
382 4351 507 4416 Langton,
525 4348 685 4398 consecrated
702 4348 763 4411 Abp
782 4348 812 4410 by
831 4347 900 4410 Pope
919 4347 1041 4396 Innocent
1059 4347 1111 4396 111.
1127 4357 1154 4396 at
1172 4347 1283 4408 Viterbo‚

177 4454 207 4501 ¹7
218 4437 293 4502 June,
310 4449 370 4497 ¹2⁰7
383 4432 526 4498 (d.9Ju1y,
541 4433 621 4492 ηαδ).
