3192 5102
159 388 230 488 vn]
249 388 431 463 Parisios
448 389 496 486 of
504 389 609 487 Holy
620 389 821 487 Sepulchra
838 387 919 462 and
933 389 972 463 S.
986 387 1158 460 Mz'clzael
1193 387 1261 477 285

224 895 251 959 3.
297 874 463 940 parochia
487 873 606 941 Sancti
628 873 801 956 Sepulchri
823 873 868 958 [et
890 873 1010 939 Sancti
1029 869 1206 936 Michaelis

604 976 821 1062 permixtim}

227 1175 279 1239 De
294 1175 416 1240 vicario
432 1174 569 1239 ecclesie
585 1174 701 1240 Sancti
718 1174 892 1258 Sepulchri
909 1174 984 1256 ,vjn
1001 1173 1107 1254 .viij.t.

225 1276 375 1341 Thomas
413 1275 538 1359 Tuylet
573 1286 666 1341 tenet
703 1297 805 1368 vnum
847 1277 1038 1360 granarium
1077 1275 1119 1340 ad
1157 1274 1268 1339 Dame

161 1382 414 1447 Nicholeshithe
428 1392 464 1445 et
479 1381 588 1446 reddit
604 1381 682 1446 inde
698 1404 758 1466 per
776 1403 902 1447 annum
919 1381 1095 1446 dimidiam
1112 1400 1267 1445 marcam.

225 1485 337 1550 Alicia
371 1485 414 1549 de
450 1484 628 1551 Schellord
664 1495 757 1549 tenet
793 1506 896 1550 vnum
933 1485 1140 1569 mesuagium
1172 1485 1268 1548 iuxta

160 1590 361 1654 cimiterium
385 1589 525 1653 ecclesie
548 1588 664 1654 Sancti
689 1587 873 1664 Michaelis
895 1599 930 1652 et
952 1588 1061 1653 reddit
1084 1589 1166 1671 .vj.t.

228 1693 435 1778 Reginaldus
458 1696 501 1758 de
522 1693 750 1759 Cumbertone
771 1704 863 1758 tenet
878 1714 981 1758 vnum
1005 1695 1212 1777 mesuagium
1235 1693 1268 1756 in

160 1799 318 1882 parochia
334 1799 450 1865 Sancti
467 1787 651 1883 Sepulchri,
666 1798 757 1883 quod
774 1799 945 1881 quondam
965 1799 1027 1862 luit
1045 1798 1138 1881 Jocei
1161 1797 1270 1880 Judei,

161 1914 196 1968 et
211 1902 320 1968 reddit
336 1901 510 1967 dimidiam
527 1922 682 1966 marcam.

225 2007 396 2090 Johannes
432 2007 475 2071 de
512 2007 685 2073 Schelford
723 2017 815 2071 tenet
851 2026 952 2070 vnum
990 2009 1198 2090 mesuagium
1235 2009 1269 2070 in

161 2111 324 2176 cimiterio
345 2111 462 2177 Sancti
484 2110 659 2195 Sepulchri
675 2110 766 2194 quod
783 2111 844 2174 luit
869 2111 975 2175 Elenc
997 2111 1088 2189 Gert,
1104 2121 1138 2175 et
1160 2110 1271 2175 reddit

161 2237 362 2300 perannum
379 2216 479 2299 .xij.d.

229 2318 393 2383 Ricardus
414 2317 456 2382 de
479 2316 627 2381 Derham
650 2328 742 2381 tenet
758 2337 860 2381 vnum
878 2319 1085 2399 mesuagium
1103 2317 1135 2380 in
1151 2316 1269 2381 eadem

162 2424 320 2508 parochia
341 2424 437 2487 iuxta
460 2423 668 2506 mesuagium
694 2423 817 2486 Heruei
841 2423 935 2498 Pilet,
951 2423 1041 2505 quod
1059 2421 1119 2485 suit
1140 2421 1272 2486 Thome

161 2528 204 2590 de
221 2526 302 2602 Len,
317 2536 351 2590 et
369 2525 480 2591 reddit
495 2526 575 2608 .xj.5.

230 2631 385 2694 Herueus
409 2630 494 2694 Pilet
515 2639 608 2693 tenet
622 2649 724 2692 vnum
748 2629 957 2711 mesuagium
979 2630 1012 2692 in
1034 2631 1152 2693 eadem
1175 2651 1270 2713 paro·

162 2734 239 2798 chia
259 2734 356 2799 iuxta
378 2733 586 2816 mesuagium
608 2735 778 2817 quondam
796 2734 928 2797 Thome
949 2733 991 2797 de
1014 2734 1095 2810 Len,
1111 2743 1144 2796 et
1161 2734 1270 2798 reddit

163 2839 261 2922 .viij.s.
277 2849 311 2902 et
328 2837 357 2920 .j.
373 2837 491 2902 libram
509 2839 640 2921 piperis.

228 2943 416 3007 Willelmus
451 2943 494 3006 de
532 2942 693 3006 Holonde
728 2953 820 3008 tenet
854 2965 956 3008 vnum
993 2944 1198 3026 mesuagium
1236 2945 1268 3008 in

162 3048 281 3112 eadem
306 3047 464 3131 parochia
487 3048 583 3112 iuxta
610 3049 818 3130 mesuagium
842 3049 922 3112 dicti
948 3048 1083 3125 Heruei,
1105 3057 1139 3111 et
1162 3050 1270 3113 reddit

163 3173 223 3236 per
246 3172 372 3215 annum
395 3171 462 3215 .x.s.

227 3255 398 3339 Johannes
424 3255 581 3318 Porthors
605 3265 697 3320 tenet
720 3254 859 3320 domum
883 3255 1049 3338 lapideam
1075 3273 1174 3340 super
1200 3277 1270 3320 cor·

164 3360 291 3423 nerium
320 3379 364 3423 ex
396 3359 554 3443 opposito
580 3360 717 3424 ecclesie
745 3359 861 3424 Sancti
893 3359 1075 3444 Sepulchri,
1098 3371 1133 3424 et
1163 3360 1272 3425 reddit

161 3461 203 3546 ij.
227 3483 356 3528 marcas
378 3473 413 3526 et
436 3461 635 3527 dimidiam¹.

228 3568 327 3632 onr
363 3568 487 3650 Rogeri
525 3568 685 3651 Popelote
721 3578 813 3633 tenet
849 3588 953 3632 vnum
992 3571 1200 3653 mesuagium
1238 3573 1270 3636 in

163 3671 294 3735 venella
317 3670 441 3737 Sancte
466 3671 694 3754 Radegundis,
716 3682 751 3736 et
776 3673 884 3736 reddit
909 3671 1007 3753 .xij.d.

231 3775 383 3858 Rogerus
399 3775 565 3841 aurifaber
580 3787 672 3841 tenet
688 3797 787 3841 vnam
804 3797 915 3842 acram
935 3787 1020 3842 terre
1036 3778 1069 3840 in
1086 3778 1214 3861 campis
1229 3778 1272 3842 de

165 3880 367 3945 Bernewelle
383 3881 480 3945 iuxta
495 3882 704 3964 mesuagium
720 3881 851 3944 Yuonis
867 3881 946 3958 coci,
962 3890 996 3945 et
1011 3881 1121 3946 reddit
1137 3881 1235 3964 .xij.d.
1285 3895 1378 3946 trnrh

232 3983 396 4047 Ricardus
412 3984 454 4047 de
471 3984 588 4048 Wellis
604 3993 697 4049 tenet
712 4005 816 4048 vnum
840 3986 1047 4068 mesuagium
1064 3986 1097 4050 in
1114 3985 1271 4071 parochia

167 4087 282 4153 Sancti
299 4088 474 4152 Michaelis
491 4089 524 4152 in
543 4088 837 4165 Findesiluerlane,
853 4099 888 4152 et
904 4088 1012 4154 reddit
1028 4089 1125 4172 ‚xij.d.

931 4193 1089 4278 [Summa
1104 4193 1185 4277 .cvj.⁸
1200 4191 1271 4278 vjt]

214 4379 222 4412 ¹
240 4379 296 4430 The
311 4395 367 4431 sum
378 4381 424 4431 has
439 4395 454 4430 e
469 4380 520 4431 line
531 4381 618 4431 drawn
634 4381 742 4446 through
758 4383 785 4444 it,
800 4383 849 4433 and
863 4385 883 4433 is
898 4383 993 4434 altered
1010 4384 1036 4434 in
1051 4385 1156 4436 another
1167 4385 1233 4435 hand
1246 4395 1273 4436 to

168 4463 235 4529 tiit·
247 4463 317 4528 iiij.d
