3212 5064
307 381 356 450 94
593 358 631 432 Τ
626 383 680 434 wo
704 358 997 458 student-pnbsts
1023 368 1060 434 ta
1085 361 1125 433 be
1295 357 1415 458 [soors

308 543 344 598 de
365 551 460 599 cetero
481 552 577 599 teneat
599 543 715 600 easdem
737 545 774 600 de
794 545 877 601 nobis
899 563 950 617 pro
969 544 1088 602 dimidia
1108 561 1206 600 marca
1223 543 1361 599 soluenda
1378 543 1415 598 ad

307 631 480 686 scaccarium
508 641 636 686 nostrum
664 627 714 701 [ad
743 629 858 703 festum]
886 633 983 688 Sancti
1010 632 1169 696 Michaelis,
1194 641 1222 685 et
1246 631 1310 686 ideo
1334 629 1414 684 uobis

306 717 475 773 mandamus
500 719 576 788 quod
601 718 642 773 sic
667 719 735 787 fieri,
759 728 788 774 et
812 719 905 790 ipsum
932 719 1056 774 Priorem
1080 719 1238 790 predictum
1264 717 1414 773 terminum

306 806 411 862 habere
429 805 607 875 permittatis.

142 891 252 992 ffifssfl·
360 896 446 950 Teste
456 912 502 951 me
513 896 575 967 ipso
588 897 665 967 apud
675 897 959 953 westmonasterium
968 897 1070 952 ‚xxviii
1081 896 1127 953 die
1140 895 1236 968 aprilis
1249 912 1325 951 anuo
1337 893 1414 966 regni

142 990 221 1044 apert,
232 999 291 1044 me.
307 982 395 1037 nostri
408 990 547 1051 .xxx11J⁰.

362 1289 411 1369 38.
460 1287 562 1356 Carta
584 1290 633 1354 ad
651 1291 880 1356 inveniendum
902 1290 982 1356 duos
1003 1291 1180 1376 capellanos
1193 1299 1361 1375 perpensas

608 1394 642 1459 in
665 1395 879 1461 uniuersitata
902 1394 1115 1480 cantebrigia.

144 1607 212 1650 How
361 1599 511 1655 Uninersis
533 1609 631 1655 sancte
649 1601 748 1656 matris
768 1601 896 1658 Ecclesie
915 1601 979 1656 liliis
998 1601 1035 1657 ad
1054 1618 1125 1673 quos
1144 1617 1262 1673 presens
1280 1601 1414 1673 scriptum

141 1657 256 1750 Xiiiiiim
306 1687 474 1756 peruenerit,
497 1688 615 1758 Jnlanus
643 1689 720 1759 prior
748 1689 784 1744 de
812 1689 983 1746 Bemewelle
1011 1699 1038 1744 et
1067 1690 1194 1746 eiusdem
1220 1690 1276 1746 loci
1300 1689 1414 1745 humilis

142 1759 284 1860 ξξῖξίζζξξ
307 1775 471 1829 Conuentus
490 1776 610 1832 salntem
629 1776 658 1831 in
677 1776 800 1833 domino.

141 1859 265 1913 ‘luffihffl
361 1862 548 1919 Uniuersitati
572 1873 666 1919 uestre
690 1875 789 1919 notum
815 1865 933 1921 facimus
957 1865 1034 1937 quod
1058 1881 1124 1920 cum
1145 1866 1314 1921 venerahilis
1335 1877 1415 1937 pater

141 1909 293 2003 {mesenus
306 1950 440 2019 magister
470 1950 630 2006 willelmus
660 1951 696 2005 de
728 1951 861 2008 Kilkenni
894 1952 1039 2022 quondam
1074 1951 1207 2021 Elyensis
1240 1952 1414 2023 Episcopus¹

142 2010 270 2112 ἔξιξξξῃῖῗ
307 2035 492 2090 scinceritatis
504 2036 636 2091 affectum
650 2053 717 2106 erga
729 2053 781 2092 nos
791 2049 820 2092 et
830 2039 946 2093 domurn
956 2051 1081 2094 nostram
1093 2039 1160 2094 dum
1171 2039 1278 2094 uiueret
1286 2039 1414 2109 gesserit,

141 2111 225 2205 affigi,
306 2122 383 2193 quod
404 2140 521 2194 operum
543 2123 699 2180 exibicione
720 2125 912 2196 multipliciter
932 2126 1095 2197 apparebat,
1115 2136 1142 2181 et
1162 2126 1190 2180 in
1210 2126 1308 2182 ultima
1326 2125 1415 2196 ipsius

141 2213 202 2264 they
306 2211 427 2265 maxime
445 2211 597 2279 uoluntate,
611 2213 640 2266 in
657 2230 714 2284 qua
730 2215 813 2268 nobis
830 2213 938 2268 liberali
955 2214 1085 2284 largitate
1102 2215 1191 2270 multa
1205 2215 1281 2269 bona
1294 2213 1413 2284 reliquit.

141 2263 280 2363 irniside?
307 2298 380 2369 Quia
392 2300 491 2368 eciam,
505 2311 597 2371 preter
609 2301 744 2371 predicta,
757 2301 794 2356 ab
806 2301 1001 2356 executoribus
1015 2301 1103 2372 ipsius
1116 2302 1241 2358 defuncti
1255 2313 1363 2357 tantum
1378 2303 1413 2356 de

141 2363 276 2466 ifffffm
278 2393 284 2414 ¹
305 2385 387 2440 bonis
405 2385 493 2456 ipsius
505 2387 630 2442 defuncti
643 2387 808 2458 recepimus,
823 2387 851 2442 in
864 2397 1029 2457 perpetuam
1042 2388 1192 2443 utilitatem
1204 2388 1306 2443 domus
1319 2397 1414 2442 nostre

141 2464 259 2557 3¹33&
306 2489 482 2540 conuersum,
501 2474 575 2530 vnde
597 2475 654 2530 duo
676 2475 837 2530 sacerdotes
859 2475 1055 2546 inperpetuum
1077 2474 1277 2531 conuenienter
1295 2485 1414 2546 possunt

142 2564 190 2608 ch·
208 2565 274 2608 lein·
306 2559 456 2615 sustentari
470 2561 498 2614 in
512 2560 604 2628 scolis,
613 2561 739 2616 unanimi
752 2577 893 2616 consensu
906 2571 933 2615 et
946 2561 1091 2616 uoluntate
1099 2560 1190 2616 tocius
1200 2559 1315 2631 capituli
1325 2561 1414 2615 nostri

142 2621 258 2718 'dimisisti
266 2615 292 2658 ¹⁰
305 2648 463 2718 obligamus
479 2665 532 2703 nos
549 2659 577 2705 et
589 2665 767 2704 successores
779 2659 891 2704 nostros
905 2649 941 2703 ad
954 2648 1155 2705 inueniendum
1169 2649 1239 2704 duos
1252 2649 1414 2720 capellanos

143 2716 293 2820 ffl‘msty
305 2737 335 2792 in
356 2737 498 2809 theologia
519 2738 548 2793 in
569 2737 752 2793 uniuersitate
773 2737 957 2808 Cantebn'gie
977 2739 1123 2795 studentes
1140 2756 1192 2809 pro
1211 2738 1299 2808 ipsius
1318 2738 1414 2794 anima

143 2816 251 2921 ἓξὲξ·
306 2827 502 2898 inperpetuum
519 2827 616 2882 diuina
632 2828 830 2895 celebraturos,
843 2829 946 2898 quibus
963 2827 1081 2898 singulis
1097 2828 1180 2882 annis
1192 2827 1290 2882 decem
1304 2843 1415 2882 marcas

142 2898 275 2961 wnostiatt
305 2914 342 2969 de
358 2933 471 2971 camera
487 2926 584 2971 nostra
601 2915 637 2970 ad
654 2933 751 2970 eorum
765 2913 1004 2972 sustentacionem
1017 2915 1220 2988 persoluemus,
1232 2915 1414 2971 medietatem

143 2967 257 3062 ξιτψ.
306 3003 378 3058 inira
387 3005 559 3075 quindenam
570 3004 660 3060 sancti
673 3003 832 3072 Michaelis,
841 3015 869 3058 et
877 3003 962 3059 aliam
971 3005 1153 3060 medietatem
1161 3004 1233 3058 inira
1241 3003 1414 3074 quindenam

143 3069 245 3162 {22¹2OE
307 3093 423 3148 Pascha
462 3092 517 3162 Qui
537 3092 675 3165 capellani
695 3108 745 3163 per
762 3109 815 3147 nos
832 3103 861 3148 et
878 3109 928 3164 per
946 3092 1151 3148 cancellarium
1169 3092 1350 3161 Cantebrigie
1367 3091 1414 3163 qui

143 3219 223 3264 These
306 3189 373 3236 tunc
397 3199 448 3253 pro
472 3193 598 3253 tempore
621 3180 705 3236 suerit
728 3181 835 3236 debent
859 3179 1007 3252 prouideri.
1057 3181 1095 3234 Et
1120 3179 1142 3233 si
1168 3179 1314 3249 contingat
1338 3180 1415 3250 quod

143 3270 274 3364 stepinge·
304 3270 473 3325 uniuersitas
491 3269 672 3340 cantebrigie
688 3285 822 3341 processu
838 3269 974 3340 temporis
985 3268 1144 3338 dissipetur,
1158 3277 1259 3323 extunc
1272 3267 1414 3322 ordinabit

142 3327 277 3424 :adiutis
307 3358 467 3429 Episcopus
484 3358 616 3428 Elyensis
633 3359 678 3413 uel
693 3357 754 3413 eius
771 3357 989 3413 archidiaconus
1001 3355 1047 3427 qui
1062 3372 1113 3427 pro
1125 3365 1253 3426 tempore
1265 3355 1346 3410 fuerit
1358 3371 1414 3408 vna

143 3421 290 3520 3:22,ssOE
305 3446 454 3502 nobiscum
478 3447 514 3500 de
538 3446 691 3518 capellanis
716 3445 907 3517 prouidendis
946 3446 983 3500 Et
1008 3446 1045 3499 ad
1069 3444 1206 3499 maiorem
1234 3443 1413 3500 securitatem

143 3524 244 3615 fflh‘
305 3534 464 3602 obligamus
477 3544 579 3589 terram
593 3543 718 3588 nostram
730 3533 765 3589 de
775 3532 952 3603 Wygenhale
961 3532 998 3587 ad
1009 3530 1247 3586 sustentacionem
1258 3529 1413 3601 predictam

140 3622 240 3676 jotnuy.
306 3621 405 3677 decem
434 3638 593 3677 marcarum
622 3621 828 3692 prouidendam
857 3622 896 3675 ita
924 3619 1002 3690 quod
1030 3619 1123 3675 dictus
1149 3618 1340 3674 cancellarius
1369 3618 1415 3673 uel

229 3717 245 3770 l.
262 3734 293 3784 34
307 3708 467 3781 Episcopus
488 3709 548 3764 siue
570 3710 787 3764 archidiaconus
809 3711 853 3775 de
864 3708 1000 3764 fructibus
1019 3707 1095 3763 dicte
1113 3717 1186 3763 terre
1205 3707 1295 3763 dictas
1314 3707 1414 3762 decem

143 3831 219 3874 'rnen
306 3815 417 3855 marcas
441 3797 563 3879 deducat
586 3798 610 3852 si
635 3815 687 3852 nos
713 3798 740 3852 in
765 3815 863 3853 earum
888 3796 1032 3853 solucione
1056 3796 1092 3851 ad
1114 3795 1250 3852 terminos
1271 3797 1414 3868 predictos

143 3883 197 3924 ⁸¹¹²
236 3882 293 3925 ¹⁸²⁰
306 3885 499 3950 defecerimus,
512 3885 590 3954 quod
602 3885 683 3940 absit.
722 3885 760 3940 Et
773 3885 802 3940 in
815 3885 898 3940 huius
911 3883 949 3939 rei
963 3883 1156 3940 testimonium
1171 3886 1294 3955 presenti
1310 3885 1414 3956 scripto

143 3933 173 3974 he
199 3933 294 3976 edout

142 3981 281 4076 amem
307 3974 430 4044 sigillum
447 3983 575 4028 nostrum
591 3973 782 4044 apposuimus.
820 3973 956 4029 Testihus
972 3973 1054 4030 nobis
1071 3973 1141 4043 ipsis
1153 3982 1181 4029 et
1194 3973 1286 4044 sigillo
1299 3973 1414 4045 capituli

143 4083 238 4126 tenear
307 4064 402 4119 nostri.

143 4134 256 4226 mgen-
359 4153 463 4207 Actum
476 4151 551 4221 apud
565 4151 735 4207 Bemewelle
747 4151 794 4207 die
806 4149 951 4206 dominica
962 4149 1091 4221 proxima
1103 4158 1170 4204 ante
1186 4149 1415 4220 assumpcionem

307 4242 390 4296 beate
402 4239 498 4306 marie,
512 4255 588 4294 anno
602 4237 719 4293 Domini
732 4247 775 4294 w.
789 4245 847 4294 cv.
862 4245 946 4306 Lth0.

399 4411 408 4444 ¹
426 4411 539 4464 william
551 4412 580 4462 oi
589 4409 725 4477 Killrenny,
737 4411 778 4478 Bp
788 4411 818 4462 oi
826 4411 884 4477 Ely,
900 4409 1060 4476 uss-¹²⁵⁶
1072 4409 1107 4476 (d.
1122 4427 1153 4464 aa
1165 4409 1234 4477 Sept.
1253 4409 1333 4476 125⁶).
