3222 5086
160 369 217 470 ιν]
384 371 461 445 The
486 371 670 446 Norwiclt
703 371 897 459 Taxation,
933 375 1026 466 1256
1199 397 1265 466 ¹93

160 557 296 614 Omnium
317 559 485 613 Sanctorum
507 558 544 613 de

196 648 336 702 stantone
564 644 637 715 .xxij.
669 662 748 700 marc
814 645 949 702 vicesima
1021 666 1072 701 .xv.
1087 648 1129 701 sol

160 733 258 790 Sancti
311 732 460 789 Michaelis
508 733 544 788 de

196 824 335 878 Stantone
564 840 597 876 ‚x.
689 861 704 889 „
864 861 880 890 ,‚
1023 822 1084 877 dim
1096 839 1173 878 marc

160 909 380 981 Wyuelingharn
561 909 634 968 .xxii.
688 949 704 977 ,‚
863 951 880 978 „
1023 911 1099 982 xiiij.
1112 911 1154 966 sol
1171 910 1268 981 .viij.d

161 999 322 1054 Cotenham
564 998 664 1053 ,xxxiii
687 1038 703 1067 ,‚
865 1038 881 1068 „
1023 1000 1094 1069 .xxij.
1109 1000 1151 1054 sol

162 1088 242 1142 Prior
265 1087 302 1142 de
324 1087 495 1142 Bemewelle
517 1087 546 1141 in

196 1175 297 1230 eadem
566 1193 619 1230 .xv.
668 1177 710 1231 sol
865 1217 881 1244 „
1024 1177 1067 1232 .ix.
1081 1177 1137 1233 den

160 1265 260 1320 Abbas
274 1263 443 1332 Croylandie
564 1263 590 1333 .j.
667 1281 744 1318 marc
863 1306 881 1334 ,‚
1022 1263 1086 1334 .viij.
1100 1265 1155 1320 den

161 1354 260 1409 Sancti
280 1352 393 1409 Andree
414 1353 451 1408 de
471 1353 545 1422 Hys-

197 1450 263 1496 tone
564 1440 625 1495 .xvi.
686 1481 703 1506 „
863 1481 882 1510 ‚,
1022 1441 1222 1497 .x.sol.viii.d

163 1530 242 1584 Prior
251 1531 287 1585 de
299 1529 435 1585 Halte¹in
444 1530 544 1584 eadem
563 1529 600 1598 .ij.
689 1569 706 1597 ‚,
866 1569 882 1598 „
1024 1531 1085 1604 .xyi.
1099 1531 1156 1586 den

162 1619 243 1674 Prior
263 1619 299 1673 de
322 1618 495 1675 Bernewelie
515 1618 546 1673 in

196 1706 296 1763 eadem
566 1706 603 1776 .ij.
689 1746 706 1775 „
866 1747 882 1776 „
1025 1707 1088 1763 .xvi.
1100 1708 1157 1764 den

162 1796 267 1850 Sancte
302 1795 476 1851 Etheldrede
511 1795 548 1850 de

198 1883 331 1952 Hystone
567 1901 619 1937 .xx.
692 1922 708 1950 „
878 1922 886 1951 ,
1028 1884 1055 1938 .i.
1068 1899 1147 1939 marc

162 1971 261 2026 Abbas
273 1970 311 2026 de
326 1969 501 2040 Eynisham¹
518 1970 547 2025 in

197 2059 299 2114 eadem
567 2057 625 2129 .iiij.
688 2099 704 2127 „
865 2099 881 2128 „
1024 2059 1158 2130 ‚xxxiiid

163 2149 295 2204 Ecclesia
307 2149 343 2204 de
356 2149 504 2217 Draytone
567 2167 637 2203 .xxv.
692 2188 709 2216 „
869 2188 885 2217 „
1027 2149 1090 2203 .xvi.
1104 2167 1117 2204 s
1131 2148 1229 2204 .viii.d

161 2236 262 2292 Abbas
277 2235 447 2306 Croylandie
459 2235 488 2292 in
502 2254 547 2291 ea-

198 2323 264 2379 dem
567 2324 593 2379 .i.
690 2363 707 2393 „
868 2365 885 2395 „
1026 2325 1091 2380 .viii
1105 2326 1161 2381 den

163 2413 258 2468 Ouere
568 2431 639 2469 .xxv.
689 2452 706 2481 ,‚
866 2454 883 2482 „
1025 2413 1087 2468 .xvi.
1101 2413 1144 2468 sol
1156 2413 1252 2468 .viii.d

161 2501 261 2557 Abbas
281 2501 317 2557 de
338 2503 495 2572 Rameseye
516 2503 546 2559 in

198 2589 298 2646 eadem
566 2590 592 2662 .j.
691 2631 708 2660 „
868 2631 884 2660 „
1027 2591 1091 2661 .viij.
1105 2593 1160 2646 den

164 2679 348 2749 Maddingele
564 2698 617 2735 .xv.
689 2720 705 2748 ,‚
866 2719 883 2748 „
1025 2699 1058 2734 .x.
1073 2680 1115 2734 sol

164 2767 301 2822 Grettone
565 2786 635 2823 .xxv.
655 2785 732 2822 marc
745 2778 774 2824 et
787 2767 846 2823 dim
865 2809 882 2838 „
1025 2767 1108 2837 .xviij.
1121 2767 1165 2821 sol
1183 2766 1270 2821 ,iiiid

162 2854 262 2910 Abbas
284 2855 320 2910 de
342 2857 500 2925 Rameseye
519 2856 547 2910 in

198 2942 298 2998 eadem
567 2943 604 3013 .ij.
658 2960 735 2998 marc
748 2953 777 3000 et
789 2943 849 2998 dim
867 2983 883 3012 „
1027 2960 1078 2996 .xx.
1091 2941 1147 2997 den

166 3030 314 3100 Impetone
566 3030 648 3086 .xviii.
689 3070 706 3098 ,‚
866 3071 882 3100 „
1026 3029 1079 3084 .xii.
1094 3029 1136 3084 sol

164 3119 244 3174 Prior
257 3118 292 3174 de
306 3119 361 3190 Ely
373 3118 403 3173 in
415 3119 517 3175 eadem
565 3139 617 3175 .xx.
672 3121 714 3174 sol
868 3158 885 3187 „
1027 3118 1081 3173 .xii.
1094 3118 1150 3173 den

165 3209 326 3280 Ramptone
566 3227 600 3264 ,ι
670 3225 748 3263 marc
866 3249 882 3276 „
1025 3207 1084 3263 dim
1096 3223 1175 3262 marc

164 3295 244 3350 Prior
266 3297 302 3351 de
326 3297 496 3352 Bernewelle
517 3296 546 3351 in

198 3385 300 3440 eadem
567 3385 615 3454 .iij.
689 3425 705 3453 ‚‚
865 3425 882 3454 ,‚
1025 3385 1062 3438 .ii.
1076 3385 1120 3440 sol

165 3473 336 3529 Landbeche
566 3493 600 3528 .x.
691 3513 708 3542 „
868 3515 885 3544 ‚,
1027 3473 1086 3529 dim
1100 3489 1177 3528 marc
1285 3486 1372 3551 1421,

164 3559 243 3616 Prior
258 3562 294 3618 de
311 3561 549 3632 Bennundiseya³

198 3647 227 3702 in
246 3650 347 3705 eadem
565 3671 599 3706 .x.
670 3653 712 3708 sol
867 3692 884 3719 ‚‚
1026 3649 1071 3719 .vj.
1085 3649 1141 3704 den

166 3735 243 3792 Prior
266 3738 303 3793 de
325 3739 497 3795 Bernewelle
517 3739 545 3794 in
709 3723 724 3744 ⁸

199 3825 298 3881 eadem
567 3847 619 3884 .xx.
691 3867 708 3897 „
869 3867 886 3898 „
1028 3825 1083 3896 .xij.
1097 3827 1153 3882 den

164 3912 330 3969 Cestertone
567 3917 592 3969 .l.
669 3933 748 3972 marc
867 3956 884 3984 ,‚
1027 3913 1064 3984 .ij.
1078 3929 1156 3970 marc
1173 3923 1201 3968 et
1214 3913 1272 3968 dim

230 4034 423 4100 Decanatus
438 4037 482 4100 de
499 4037 696 4122 Knapwelle
1287 4031 1442 4136 ffl‘vssii‘

165 4138 286 4196 Grauele
567 4160 600 4195 oo
671 4159 748 4197 marc
821 4141 957 4200 vicesima
1028 4140 1088 4196 dim
1100 4157 1178 4195 marc

166 4225 350 4298 Pappewrthe
362 4229 482 4299 Agnetis
567 4245 601 4285 .c.
671 4233 714 4286 sol
869 4270 886 4302 ‚‚
1028 4246 1062 4285 .v.
1076 4229 1119 4284 sol

212 4345 221 4378 ¹
240 4347 341 4415 Hrghe,
354 4364 383 4399 or
396 4349 498 4415 Haugh.
512 4351 694 4408 Lincoloshire.
936 4349 948 4385 ¹
965 4351 1101 4420 Eyosbam,
1117 4348 1224 4402 Suffolk.

211 4428 222 4461 ⁸
239 4431 418 4499 nemoroso,
433 4434 534 4500 Surrey.

245 4555 272 4604 c.
1157 4560 1192 4624 13
