3222 5086
140 357 202 456 111]
261 359 352 433 Casa
377 358 527 456 against
552 357 614 430 the
639 355 882 430 Archdeacon
909 355 958 452 of
975 351 1124 453 Suffolk
1178 376 1240 444 141

141 543 312 608 reddendo
332 543 395 608 sibi
416 553 451 608 et
473 544 650 608 heredibus
673 544 741 608 suis
764 564 823 627 per
846 563 971 608 annum
994 541 1041 624 .j.
1064 539 1248 613 denarium,
1262 545 1380 638 gggthe

141 647 267 711 nullam
291 647 414 712 faciens
438 649 645 712 mencionem
670 649 712 711 de
735 648 913 730 sexaginta
940 646 1055 710 solidis
1079 643 1247 708 soluendis
1260 647 1375 740 :geme

142 750 243 814 Priori
260 752 303 815 de
320 751 521 816 Bemewelle
537 773 596 834 per
607 772 741 816 annum.
777 750 854 834 Quo
868 751 964 828 facto,
978 751 1065 813 idem
1080 748 1392 840 Robertus'sslgffgnos

141 855 224 918 obiit
250 855 334 919 inira
361 856 538 921 dimidium
566 877 690 920 annum
720 865 925 938 sequentem.
971 852 1142 918 Predictus
1170 872 1248 915 uero
1261 848 1366 942 {ffllt

143 959 234 1023 Prior
250 960 341 1025 misit
356 961 553 1024 canonicum
569 981 665 1024 suum
682 961 724 1024 ad
743 959 909 1024 Burstalle
924 961 966 1023 ad
979 957 1246 1040 distringendum
1261 929 1395 992 ¹¹⁸⁰·¹¹l¹·

142 1083 203 1146 pro
233 1064 364 1128 redditu
396 1065 457 1128 sibi
489 1065 603 1129 debito
633 1074 667 1128 et
695 1064 826 1142 releuio,
857 1064 915 1128 sed
947 1063 1088 1127 ministri
1119 1061 1248 1126 domini

142 1167 274 1231 Thome
296 1189 361 1233 non
384 1169 605 1252 permiserunt
626 1191 702 1234 eum
722 1169 888 1234 adducere
904 1168 1137 1240 districtiones,
1154 1167 1251 1230 etsie

142 1273 240 1335 rediit
267 1272 355 1336 idem
382 1273 561 1337 canonicus
586 1273 709 1337 inlecto
733 1275 872 1356 negocio
896 1281 1080 1355 expectans
1104 1269 1250 1334 feliciora

141 1385 301 1458 tempora.
349 1377 442 1441 Prior
464 1399 542 1441 uero
565 1379 708 1441 cessauit
731 1399 790 1461 per
812 1399 874 1441 sex
898 1398 1003 1441 annos
1030 1376 1205 1439 continuos
1230 1395 1250 1436 a

141 1478 357 1544 districtione.
405 1481 561 1565 Expletis
584 1502 664 1545 uero
687 1503 748 1545 sex
772 1481 876 1556 annis,
899 1483 1017 1545 iterum
1039 1477 1138 1561 redijt
1160 1478 1249 1543 idem

141 1584 321 1648 canonicus
351 1585 394 1648 ad
426 1585 613 1649 faciendum
646 1586 898 1662 districtionem,
925 1594 959 1649 et
991 1585 1119 1649 inuenit
1150 1603 1249 1647 vnam

142 1709 295 1754 carucam
326 1702 475 1754 arantem
508 1692 540 1753 in
573 1690 672 1755 feodo
702 1691 767 1767 illo,
794 1701 828 1754 et
858 1692 1015 1774 apposuit
1043 1709 1178 1753 manum
1206 1689 1248 1752 ad

125 1790 417 1878 distringendum.
485 1793 552 1858 Sed
591 1795 748 1858 carucarii
784 1794 933 1858 fecerunt
970 1793 1178 1869 foristallum‚
1216 1801 1250 1856 et

142 1896 298 1979 fugerunt
314 1919 389 1962 cum
406 1907 478 1962 tota
494 1919 621 1974 caruca,
639 1909 672 1962 et
691 1899 871 1962 canonicus
893 1897 1029 1962 uiriliter
1049 1897 1251 1979 sequebatur

142 2023 200 2066 eos
227 2023 302 2066 cum
329 2002 463 2067 hutasio
490 2013 523 2068 et
551 2025 663 2080 cornu,
692 2013 726 2068 et
753 2003 937 2087 publicauit
964 2001 1159 2066 soristallum
1191 2022 1251 2084 per

142 2116 249 2171 totam
279 2106 403 2185 villam,
432 2118 467 2172 et
497 2129 556 2192 per
585 2107 681 2172 villas
719 2108 918 2172 adiacentes.
979 2108 1076 2171 Tunc
1113 2105 1249 2188 quidem

142 2211 335 2293 impetrauit
365 2210 457 2274 Prior
487 2210 587 2274 breue
618 2230 706 2274 noue
736 2211 922 2294 dissaysine
949 2231 1048 2293 super
1074 2209 1249 2273 dominum

142 2315 311 2378 Thomam
335 2323 369 2378 et
391 2315 502 2397 plures
525 2315 617 2391 alioS,
640 2324 673 2378 et
696 2314 759 2378 suit
782 2315 942 2397 placitum
968 2316 1053 2378 inter
1077 2334 1134 2377 eos
1159 2315 1248 2396 apud

143 2417 322 2484 Cateshale
352 2439 464 2482 coram
498 2417 690 2500 justiciarijs
720 2419 898 2501 assignatis
927 2417 1082 2482 videlicet
1111 2419 1250 2481 domino

141 2523 297 2606 Johanne
317 2522 359 2586 de
380 2523 549 2600 Louetot¹,
568 2532 602 2586 et
625 2523 759 2606 Rogero
781 2525 823 2586 de
847 2523 1046 2605 Leycestre¹.
1095 2524 1139 2587 Et
1158 2524 1250 2586 uenit

143 2647 267 2709 assysa,
288 2635 323 2690 et
342 2626 430 2690 dixit
452 2627 645 2691 mirabiliter
664 2628 750 2692 bene
770 2647 831 2710 pro
854 2627 973 2704 Priore,
994 2637 1028 2691 et
1049 2635 1251 2691 taxauerunt

142 2733 291 2813 dampna
311 2731 431 2794 Prioris
452 2731 494 2794 ad
517 2731 571 2794 .xl.
587 2730 712 2795 solidos
733 2741 766 2794 et
787 2731 952 2814 arreragia
967 2729 1115 2794 redditus
1131 2730 1174 2794 de
1189 2751 1251 2794 sex

143 2837 240 2900 annis
251 2836 294 2899 ad
307 2835 407 2899 ,xviii
420 2835 520 2899 libras
532 2855 621 2899 anno
632 2837 724 2918 regni
738 2836 824 2918 regis
841 2832 998 2898 Edwardi
1015 2839 1084 2897 .1x⁰.
1131 2834 1252 2897 Postea

142 2941 236 3003 uenit
251 2939 360 3004 dictus
376 2938 531 3004 dominus
548 2937 697 3002 Thomas
713 2939 746 3002 in
763 2937 870 3002 forma
882 2937 972 3021 pacis
988 2957 1064 3000 cum
1082 2937 1201 3013 Priore,
1217 2947 1250 3000 et

143 3042 237 3109 dedit
251 3044 281 3107 ei
299 3043 353 3107 lx.
370 3063 497 3106 marcas
513 3041 747 3124 sterlingorum
762 3064 769 3119 ;
792 3052 826 3104 et
843 3043 935 3106 Prior
955 3040 1104 3105 leoti'auit
1120 3061 1195 3105 eum
1217 3051 1251 3106 et

143 3147 282 3212 heredes
305 3167 382 3212 suos
405 3147 437 3210 in
462 3155 659 3229 perpetuum
682 3145 726 3208 de
748 3144 899 3228 predicto
922 3145 1052 3209 redditu
1074 3145 1251 3228 sexaginta

143 3253 335 3329 solidorum,
359 3251 530 3316 reddendo
556 3250 618 3314 sibi
646 3259 679 3313 et
702 3252 944 3314 successoribus
967 3251 1035 3314 suis
1057 3259 1092 3315 et
1113 3250 1251 3314 ecclesie

143 3377 203 3420 sue
233 3355 275 3420 de
306 3354 508 3419 Bemewelle
538 3404 544 3416 .
553 3353 584 3436 j.
615 3353 733 3417 libram
764 3354 877 3417 cimini
908 3353 1046 3436 singulis
1076 3354 1172 3418 annis
1207 3355 1250 3419 ad

145 3461 273 3526 Pascha
296 3481 356 3543 pro
379 3459 534 3523 omnibus
557 3459 704 3541 seruicijs
727 3469 788 3524 etc.

194 3731 204 3764 ¹
218 3733 287 3798 John
303 3733 335 3783 de
351 3733 469 3794 Lovetot‚
486 3749 502 3783 a
515 3733 607 3798 justice
624 3732 653 3784 ol'
666 3734 709 3784 the
725 3743 795 3784 court
810 3734 839 3785 ol
852 3736 978 3787 Common
994 3736 1066 3786 Pleas
1080 3739 1249 3803 1275-1289‚

144 3815 218 3866 when
234 3814 266 3865 he
281 3829 333 3864 was
349 3813 468 3864 removed
484 3829 517 3863 on
533 3829 548 3862 a
563 3814 655 3880 charge
671 3814 700 3863 ol
713 3815 838 3866 extortion
853 3817 904 3866 and
920 3816 992 3866 other
1006 3817 1103 3868 crimes.
1140 3819 1181 3868 He
1192 3817 1251 3868 died

148 3913 175 3948 ra
212 3933 218 3946 .

178 3913 210 4010 ⁹}
223 3979 306 4044 Roger
317 3980 351 4030 de
362 3980 496 4039 leicester,
510 3995 527 4028 a
534 3979 625 4043 justice
636 3979 665 4030 os
679 3981 721 4030 the
733 3989 803 4030 court
816 3979 846 4031 ol
859 3981 983 4032 Common
996 3982 1068 4032 Pleas
1084 3981 1250 4050 1276-1289,

145 4064 219 4114 when
230 4064 263 4113 he
275 4079 325 4113 was
338 4063 457 4114 removed
469 4079 503 4113 on
515 4063 619 4128 charges
629 4065 724 4114 similar
735 4073 762 4114 to
772 4064 845 4114 those
855 4065 953 4128 against
963 4065 1031 4130 John
1042 4065 1074 4114 de
1087 4065 1202 4114 Lovetot.
