3222 5086
169 388 231 491 111]
391 391 562 492 Wayside
578 400 737 491 pasture
762 400 804 467 ct
832 391 1047 466 Chesterton
1207 397 1274 482 169

169 575 307 642 Roberti
332 579 513 663 Wymund.
561 578 628 646 Sed
654 580 746 643 Prior
768 580 811 642 de
834 578 898 642 hoc
921 577 1056 642 uocauit
1080 576 1275 641 Priorissam

168 678 294 746 Sancte
325 683 544 766 Radegundis
575 686 617 748 ad
646 681 858 766 war[entum]
888 702 947 765 per
973 691 1100 746 cartam
1126 679 1276 744 eiusdem

168 785 326 850 Priorisse
341 797 376 851 et
392 787 597 863 Conuentus,
612 797 646 852 et
662 788 735 870 ipsa
751 787 888 851 intrauit
904 787 947 850 ad
963 783 1276 868 war[antizandum]

166 889 293 955 dictum
332 891 478 956 Priorem
509 891 552 956 de
583 891 681 956 solio¹
716 900 751 956 et
781 891 953 974 mesuagio
983 890 1141 974 predicto.
1199 889 1277 953 Hoc

166 997 375 1078 mesuagium
403 997 513 1062 reddit
540 1016 748 1080 perannum
774 996 877 1059 Priori
900 997 943 1059 de
967 993 1169 1059 Bernewelle
1191 993 1275 1058 .xii.

165 1098 299 1164 solidos.

326 1248 378 1326 98.
422 1246 475 1311 De
496 1248 561 1310 viic
582 1245 622 1310 de
646 1245 825 1312 Cestretone
845 1244 1001 1309 contencio
1023 1265 1115 1308 noua.

232 1390 315 1455 Tres
330 1393 483 1457 homines
499 1393 541 1458 de
559 1392 764 1469 Cestretone,
779 1393 886 1457 tocius
901 1390 1051 1456 eiusdem
1063 1391 1141 1455 ville
1156 1399 1273 1474 poten·
1287 1394 1435 1488 ssfflm

164 1495 277 1572 cioreS,
298 1499 485 1579 cogitantes
509 1497 634 1561 malum
658 1509 775 1562 contra
797 1497 972 1561 dominum
996 1516 1093 1560 suum
1117 1494 1272 1572 Priorem,
1286 1495 1434 1588 fffifgg?

165 1601 249 1663 inito
272 1601 358 1664 inter
380 1622 416 1665 se
438 1602 577 1665 consilio
600 1612 784 1685 posuerunt
807 1603 931 1667 bestias
953 1621 1030 1664 suas
1054 1600 1086 1663 in
1111 1596 1439 1699 cheminisssgtgffffl

165 1706 207 1769 ad
232 1708 437 1788 pascendum
460 1706 609 1782 herbam,
629 1705 778 1771 dicentes
801 1707 893 1790 quod
917 1707 970 1770 uie
993 1704 1048 1769 ille
1069 1704 1179 1768 solent
1199 1698 1411 1797 esseffigissl·

164 1829 359 1873 communes
375 1819 409 1872 et
424 1829 498 1872 esse
512 1809 674 1873 deberent
686 1810 729 1874 de
741 1810 824 1892 jure.
858 1810 950 1872 Prior
962 1819 1075 1872 tamen
1088 1829 1109 1872 a
1119 1818 1271 1892 tempore
1284 1795 1433 1891 iiim-5

164 1933 231 1997 quo
252 1933 318 1977 non
340 1922 437 1978 extat
454 1915 613 1978 memoria
629 1935 761 1998 semper
778 1913 916 1979 herbam
932 1913 1025 1977 illam
1042 1913 1201 1990 uendidit,
1218 1913 1270 1976 uel
1285 1897 1403 1991 {iffffiw

163 2017 300 2100 quando
326 2017 433 2082 uoluit
459 2037 535 2082 cum
563 2017 679 2100 bestijs
705 2019 773 2082 suis
796 2018 938 2102 propriis
961 2038 1034 2081 eam
1059 2019 1269 2101 depascebat.
1283 1998 1435 2101 ξῖζῖῗιξζῃ,

164 2121 220 2184 Ex
243 2130 401 2204 precepto
421 2123 522 2204 igitur
539 2121 712 2186 senescalli
729 2143 855 2186 messor
869 2122 999 2203 fugauit
1016 2121 1138 2185 bestias
1154 2141 1267 2186 eorum
1283 2098 1407 2201 {ffli'ssh

164 2245 269 2309 usque
290 2228 323 2289 in
339 2224 463 2302 villam,
479 2245 619 2289 monens
640 2247 697 2290 eos
719 2247 761 2290 ne
782 2227 901 2290 iterum
924 2225 1076 2289 uenirent
1097 2200 1383 2310 indamp·i11¹¹e¹l¹t¹.⁶'

163 2351 243 2394 num
267 2330 395 2393 Prioris.
442 2330 510 2395 Sed
532 2330 594 2412 ipsi
617 2330 851 2394 nichilominus
867 2331 987 2394 iterum
1004 2329 1127 2393 bestias
1142 2349 1219 2393 suas
1235 2329 1268 2392 in

162 2434 289 2498 eisdem
312 2435 375 2516 uijs
396 2435 502 2498 teneri
523 2446 743 2519 preceperunt
758 2436 892 2499 volente
914 2433 1027 2498 Priore
1048 2454 1105 2498 seu
1127 2435 1271 2511 nolente,

162 2542 336 2603 credentes
352 2539 442 2623 quod
460 2539 553 2602 Prior
569 2560 635 2603 non
652 2539 791 2605 auderet
806 2541 930 2604 bestias
947 2541 1118 2621 inparcare
1134 2549 1270 2622 propter

163 2647 347 2709 aduentum
369 2645 628 2727 justiciariomm
645 2648 887 2712 itinerancium.
933 2645 1000 2710 Sed
1020 2644 1119 2721 Prior,
1134 2647 1270 2726 cognita

161 2771 275 2816 eorum
299 2753 439 2829 malicia,
455 2753 534 2816 fecit
554 2754 678 2817 bestias
699 2773 814 2816 eorum
836 2751 1010 2834 inparcari,
1026 2759 1061 2813 et
1076 2751 1182 2814 teneri
1197 2749 1269 2812 sine

159 2856 236 2920 cibo
256 2866 291 2921 et
311 2856 382 2920 sine
403 2867 485 2940 potu
506 2875 682 2940 quousque
703 2857 802 2920 ualde
823 2855 993 2919 humiliter
1013 2873 1128 2918 eorum
1143 2852 1267 2916 delibe-

161 2962 329 3024 racionem
347 2971 500 3044 peterent
517 2972 550 3024 et
565 2982 642 3024 cum
658 2961 803 3025 lacrimis
818 2960 963 3043 quidem.
1003 2957 1070 3024 Sed
1087 2967 1266 3039 antequam

160 3065 377 3130 senescallus¹
403 3066 511 3130 facere
537 3065 818 3130 deliberacionem
847 3065 952 3128 uoluit
981 3062 1123 3147 quilibet
1153 3081 1266 3126 eorum

160 3170 261 3234 triurn
285 3171 397 3254 posuit
420 3192 456 3234 se
477 3172 510 3234 in
533 3173 759 3236 misericordia
781 3171 902 3234 Prioris
922 3169 965 3234 de
986 3166 1126 3232 dimidia
1148 3187 1268 3243 marca,

159 3274 222 3339 hoc
253 3273 426 3354 addentes,
452 3275 543 3359 quod
574 3277 601 3339 si
633 3277 675 3340 de
705 3283 817 3339 cetero
844 3275 995 3338 uenirent
1021 3273 1054 3336 in
1081 3272 1267 3355 dampnum

161 3379 289 3455 Prioris,
306 3381 396 3463 quod
418 3381 619 3445 senescallus
641 3382 838 3444 amerciaret
859 3399 917 3443 eos
933 3379 976 3442 ad
993 3377 1154 3460 placitum
1169 3397 1266 3440 suum

159 3491 221 3547 etc.
278 3484 352 3547 Hec
382 3494 460 3547 sunt
487 3504 602 3547 eorum
630 3483 788 3547 nomina:
817 3483 974 3546 dominus
998 3480 1050 3544 W.
1074 3480 1105 3544 le
1131 3480 1267 3563 Moyne,

161 3585 329 3650 Robertus
352 3587 395 3650 de
421 3587 592 3665 Houtone,
615 3597 648 3652 et
671 3587 817 3670 Jacobus
840 3587 883 3650 de
908 3585 1062 3649 Histone.

501 3823 552 3889 99.
598 3805 650 3870 De
671 3805 920 3871 Elemosinanir.

225 3952 486 4016 Elemosinarius
507 3953 550 4017 de
569 3953 771 4018 Bernewelle
787 3955 869 4018 emit
885 3975 984 4018 vnam
1002 3975 1112 4017 acram
1129 3965 1215 4018 terre
1230 3964 1264 4017 et
1276 3955 1396 4048 2¹¹3ssss

157 4074 258 4117 vnam
285 4074 396 4117 acram
424 4057 511 4139 prati
539 4056 571 4119 in
600 4056 681 4121 Toft
708 4057 750 4120 de
774 4055 945 4121 Willelmo
968 4057 998 4120 le
1022 4056 1139 4122 Chauf.
1185 4054 1264 4138 Quo
1276 4055 1411 4149 'mm

156 4191 199 4241 the
214 4191 387 4242 architectural
402 4195 589 4244 nomenclatore
603 4194 633 4244 of
646 4195 689 4244 the
701 4195 799 4246 Middle
812 4199 889 4260 Ages-
923 4195 979 4244 The
992 4195 1116 4245 existence
1127 4194 1157 4244 of
1169 4211 1185 4244 a
1196 4195 1264 4261 large

155 4289 227 4324 mom
246 4274 276 4323 os
292 4273 342 4324 this
352 4275 505 4342 description
524 4277 551 4327 in
567 4293 583 4327 a
598 4278 677 4329 house
695 4279 778 4330 would
795 4280 826 4329 be
843 4280 979 4344 important
994 4279 1094 4344 enough
1111 4289 1138 4329 to
1155 4280 1264 4330 demand

155 4357 249 4424 special
262 4359 352 4410 notice.

233 4439 378 4493 ¹Scenote
390 4458 403 4492 a
416 4458 450 4494 on
462 4445 578 4508 previous
589 4461 662 4510 page.
789 4444 965 4496 'senescrdlus
975 4454 1120 4509 antequam,
1134 4443 1192 4495 MS.
