3192 5102
130 353 185 453 vt]
455 355 653 430 Hundred
673 355 720 454 of
744 354 782 428 T
777 354 910 451 rz'plow
1163 375 1235 444 249

131 543 246 608 militis
277 544 321 610 de
352 543 451 610 feodo
483 545 620 609 Roberti
649 543 748 608 Pikot
777 543 811 606 in
839 541 1071 622 Bokeswrthe„
1093 550 1128 605 et
1159 549 1237 604 sunt

132 646 188 712 ubi
210 669 248 712 .v.
272 648 350 714 hide
373 659 407 713 et
429 649 569 714 dimidia
591 648 783 730 geldabiles.

196 751 326 816 Meldre
341 753 549 837 [Meldreth]‚
563 752 758 818 Meldeburn
779 751 996 836 [Melbourn].
1041 747 1238 815 Alexander

130 855 174 920 de
198 857 319 922 Bancis
343 858 444 923 debet
466 859 494 924 .i.
517 867 653 934 sectam,
674 867 709 923 et
731 857 774 922 de
797 856 924 922 auxilio
947 855 1151 920 vicecomitis
1173 853 1238 936 .ijs.

132 958 302 1026 Galsridus
323 963 367 1027 de
390 963 520 1028 Caxton
544 973 638 1028 tenet
661 961 725 1047 .iiij.
748 971 877 1045 partem
903 959 991 1025 leodi
1010 961 1040 1025 .i.
1059 959 1174 1024 militis
1195 957 1240 1021 de

133 1063 231 1128 feodo
266 1066 440 1150 Hardwyn
471 1069 514 1133 de
542 1068 708 1142 Scalariis,
734 1077 769 1132 et
795 1065 897 1131 debet
923 1065 950 1129 .i.
977 1073 1114 1140 sectam,
1135 1072 1171 1127 et
1195 1062 1239 1127 de

132 1167 260 1233 auxilio
288 1169 492 1234 vicecomitis
522 1169 588 1253 .ijs.
645 1170 775 1235 Ibidem
807 1167 949 1251 Egidius
979 1169 1021 1232 de
1052 1167 1238 1250 Argentem

132 1281 225 1339 tenet
240 1272 305 1356 .iiij.
317 1284 447 1358 partem
464 1273 552 1339 leodi
569 1275 598 1339 .i.
615 1273 729 1340 militis
744 1274 788 1338 de
809 1272 908 1338 feodo
924 1273 1076 1337 Wiscard
1100 1270 1239 1354 Leydet

335 1579 539 1646 Hundredus
560 1579 600 1646 de
627 1581 658 1644 T
655 1579 828 1664 rippelawe
850 1579 1035 1665 [Triplow].

204 1747 235 1810 T
233 1747 396 1830 rumpiton
411 1746 699 1832 [Trumpingtonl
745 1745 936 1812 wilielmus
951 1745 995 1810 de
1014 1745 1183 1809 Euerenes
1206 1753 1240 1808 et

134 1850 265 1915 Alanus
280 1852 323 1916 de
340 1853 444 1936 Hyde
466 1862 582 1917 tenent
605 1851 740 1916 feodum
763 1849 895 1916 dimidii
918 1850 1032 1914 militis
1053 1850 1096 1915 de
1114 1849 1240 1914 honore

134 1955 296 2033 Bononie,
308 1965 342 2020 et
354 1977 421 2021 non
438 1957 562 2023 debent
577 1967 703 2022 sectam
720 1978 829 2040 neque
845 1955 1009 2020 auxilium
1026 1956 1239 2020 vicecomitis.

136 2058 264 2124 Ibidem
294 2061 465 2144 Johannes
494 2062 537 2125 de
568 2060 684 2145 Kayiy
711 2070 804 2126 tenet
831 2059 928 2124 feoda
954 2059 995 2143 .ij.
1023 2058 1166 2123 militurn
1197 2059 1239 2123 de

134 2163 259 2227 honore
286 2165 427 2229 Comitis
452 2163 658 2230 Aubemarle
684 2163 809 2229 scilicet
835 2166 878 2229 de
904 2165 1030 2229 honore
1055 2164 1167 2249 [castri
1197 2163 1240 2228 de

134 2268 292 2352 Creven]¹
308 2279 342 2334 et
357 2269 457 2333 debet
473 2268 501 2332 .i.
517 2278 653 2344 sectam,
669 2279 702 2334 et
718 2271 761 2334 de
776 2267 904 2333 auxilio
920 2268 1124 2333 vicecomitis
1139 2268 1239 2351 .viijs.

134 2393 194 2455 per
205 2393 339 2437 annum.
375 2373 504 2438 ibidem
520 2373 686 2438 Henricus
695 2375 738 2438 de
748 2373 948 2458 Trumpiton
961 2383 1052 2438 tenet
1063 2372 1198 2438 feodum
1210 2372 1239 2456 .j.

135 2477 249 2541 militis
269 2477 312 2541 de
328 2477 426 2542 feodo
446 2477 588 2542 Matilde
608 2478 650 2542 de
672 2479 771 2555 Diua,
786 2488 820 2543 et
834 2477 936 2543 debet
951 2477 979 2561 .j.
996 2488 1121 2543 sectam
1137 2498 1239 2561 quam

135 2581 280 2645 Albinus
297 2581 375 2646 lacit
391 2603 451 2664 pro
465 2603 507 2646 eo
522 2603 581 2666 per
596 2603 730 2659 annum,
746 2592 780 2646 et
794 2582 895 2648 debet
911 2602 970 2666 per
984 2603 1109 2647 annum
1123 2581 1188 2665 .ijs.
1198 2583 1240 2646 de

135 2684 263 2748 auxilio
285 2685 497 2749 vicecomitis.
545 2684 675 2750 Ibidem
700 2685 888 2750 Willelmus
914 2687 1060 2750 Bernard
1087 2685 1188 2750 debet
1212 2685 1240 2748 .i.

135 2797 260 2852 sectam
277 2799 310 2852 et
326 2788 505 2872 respondet
520 2789 563 2853 de
578 2789 707 2853 auxilio
722 2789 925 2854 vicecomitis
941 2811 1017 2854 cum
1029 2789 1183 2871 Johanne
1198 2790 1241 2853 de

136 2893 261 2977 Kayiy,
276 2903 310 2958 et
325 2903 403 2958 sunt
419 2894 542 2959 ibidem
559 2916 618 2978 per
633 2905 742 2960 toturn
759 2896 825 2959 ‚xii
842 2895 920 2959 hide
936 2905 1021 2959 terre
1036 2895 1125 2959 vnde
1140 2894 1194 2957 .ix.
1206 2903 1240 2958 et

135 2997 275 3063 dimidia
297 3009 376 3062 sunt
397 2998 591 3082 geldabileS,
614 3008 647 3063 et
669 3001 708 3064 .ii.
729 2999 808 3064 hide
831 3009 916 3064 terre
939 3008 972 3063 et
995 2999 1135 3063 dimidia
1156 3018 1241 3082 quas

135 3103 265 3168 Alanus
281 3105 324 3168 de
342 3103 411 3168 Hid
429 3114 461 3168 et
478 3103 667 3169 Willelmus
679 3103 722 3168 de
740 3105 908 3169 Euerenes
924 3113 1041 3168 tenent
1056 3104 1099 3168 de
1114 3102 1239 3166 honore

136 3207 286 3271 Bononie
306 3217 340 3272 et
361 3230 426 3272 non
451 3219 528 3272 sunt
548 3207 741 3292 geldabiles.
790 3209 919 3274 Ibidem
937 3208 1131 3274 Eborardus
1146 3217 1239 3272 tenet

134 3311 268 3376 feodum
286 3315 381 3377 vnius
397 3313 511 3378 militis
526 3313 570 3378 de
586 3313 684 3378 feodo
699 3313 742 3377 de
759 3314 952 3378 Mortumer.

201 3417 317 3481 Poma
334 3417 470 3500 Selford
481 3417 600 3502 [Little
616 3417 795 3502 Shelford].
827 3418 1049 3502 Baldewynus
1058 3419 1101 3483 de
1119 3419 1146 3482 F
1147 3417 1239 3483 reuill

134 3531 227 3586 tenet
239 3523 291 3586 .iii.
308 3532 437 3605 partem
459 3522 547 3587 feodi
563 3523 591 3604 .j.
609 3523 723 3586 militis
743 3522 786 3586 de
801 3522 940 3587 domino
963 3522 1056 3606 Rege
1073 3523 1240 3606 incapite,

133 3637 168 3690 et
191 3627 234 3690 de
248 3626 374 3691 honore
391 3625 611 3711 Rich[mond]
627 3627 691 3691 .iiii.
708 3637 836 3709 purtem
859 3627 946 3692 feodi
962 3627 991 3710 .j.
1008 3627 1123 3692 militis
1143 3636 1177 3692 et
1197 3628 1240 3693 de

133 3730 291 3816 episcopo
316 3730 452 3816 Elyensi
480 3731 614 3797 feodum
640 3733 667 3796 .i.
693 3733 807 3796 militis
834 3744 868 3797 et
893 3733 1032 3798 dimidii.
1078 3734 1123 3797 Et
1150 3733 1239 3798 idem

136 3834 359 3920 Baldewynus
383 3835 484 3901 debet
509 3837 535 3901 .i.
562 3847 697 3910 sectam,
725 3846 759 3901 et
783 3837 852 3922 [de]
879 3837 1006 3902 auxilio
1036 3837 1240 3902 vicecomitis

134 3962 201 4005 scs.
218 3962 277 4024 per
299 3961 432 4006 annum.
480 3940 526 4004 Et
546 3940 670 4005 ibidem
691 3949 770 4004 sunt
786 3941 826 4004 .ii.
841 3939 919 4005 hide
940 3949 1025 4004 terre
1046 3951 1080 4004 et
1101 3939 1269 4005 dimidias.
1287 3947 1361 4010 146b

133 4045 326 4129 geldabiles.

198 4149 390 4234 Stapelford
401 4148 631 4234 [Staplelord],
641 4148 772 4233 Magna
783 4149 919 4230 Selsord
930 4147 1048 4233 [Great
1059 4147 1238 4233 ShelsordJ.

135 4253 324 4319 Willelmus
347 4254 392 4319 de
417 4254 595 4320 Herleston
621 4265 713 4320 tenet
738 4253 872 4319 leodum
900 4254 1029 4318 dimidii
1057 4254 1172 4319 militis
1197 4255 1241 4318 de

399 4428 408 4460 ¹
425 4429 458 4480 de
470 4429 519 4491 Ch,
533 4431 592 4480 MS.
626 4430 675 4482 See
687 4430 775 4480 Hund.
790 4429 869 4490 Rolls,
882 4430 908 4480 ii.
923 4433 977 4494 548.
