3192 5102
125 368 201 474 vn]
302 373 484 447 Parz'slzes
509 374 557 471 os
575 373 615 448 S.
646 374 765 447 Peter
787 375 868 448 and
893 375 932 451 S.
953 375 1060 474 John
1165 379 1235 467 289

193 555 337 621 Michael
355 556 492 622 Rubeus
513 567 606 622 tenet
621 579 690 623 ,xre
707 579 799 623 acras
818 570 904 625 terre
919 561 951 624 in
969 561 1096 644 campis
1113 559 1234 626 Cante·
1248 573 1266 626 t.
1285 574 1330 640 163

123 658 231 742 brigie
245 669 279 724 et
297 659 504 738 Bemewelle,
519 671 553 726 et
569 662 678 727 reddit
694 684 761 728 .x.s.
778 664 846 729 .v.d.
862 665 915 730 ob.

192 763 379 828 Willelmus
402 765 527 830 Martin
551 775 644 830 tenet
666 787 767 830 vnum
791 767 948 831 solarium
972 769 1006 830 in
1029 767 1120 830 dicta
1139 789 1234 850 paro-

123 867 208 944 chia,
223 879 258 932 et
273 869 382 933 reddit
399 871 476 933 inde
493 891 550 952 per
566 891 690 934 annum
707 871 807 954 .xij.d.
823 871 884 956 [et]
903 872 943 955 .ij.
959 892 1113 955 capones.

203 1227 248 1274 10.
293 1210 457 1274 Paroclrz'a
481 1209 601 1274 Sancti
620 1210 720 1276 Petri
740 1221 832 1274 extra
862 1211 893 1274 T
889 1210 1164 1294 rumpitonegatis.

191 1340 351 1405 Canonici
375 1341 418 1404 de
442 1340 689 1424 Simplingham
711 1351 828 1405 tenent
848 1360 949 1404 vnam
973 1341 1124 1424 placeam
1148 1352 1234 1407 terre

123 1445 221 1508 iuxta
239 1443 448 1510 Deudeneris
463 1445 546 1522 lane,
562 1454 596 1509 et
612 1445 756 1510 reddunt
771 1444 844 1528 ,ij.d.

188 1550 358 1633 Johannes
381 1548 541 1614 Robilard
561 1559 653 1615 tenet
671 1570 774 1614 vnum
796 1550 1004 1632 mesuagium
1024 1549 1057 1613 in
1075 1551 1231 1632 parochia

123 1651 239 1717 Sancti
258 1654 434 1719 Eadwardi
453 1655 549 1720 iuxta
564 1655 787 1738 Triperislane
802 1665 837 1719 et
853 1654 962 1719 reddit
978 1654 1080 1719 .xx.d.

190 1756 357 1822 Robertus
380 1759 423 1822 de
446 1759 630 1842 Wynewyc
653 1767 746 1822 tenet
772 1777 874 1822 vnum
900 1759 1106 1841 mesuagium
1135 1758 1231 1822 iuxta

122 1860 239 1925 fratres
267 1861 472 1941 Saccorum¹,
494 1873 528 1928 et
552 1861 661 1928 reddit
683 1862 750 1944 ‚ij.s.
774 1863 836 1948 [et]
859 1863 923 1946 iiij.
947 1883 1100 1947 capones.

186 1963 357 2046 Johannes
379 1966 422 2030 de
447 1965 628 2049 Eylesham
654 1975 746 2031 tenet
769 1987 872 2031 vnum
897 1968 1105 2048 mesuagium
1134 1966 1231 2030 iuxta

119 2069 295 2135 ecetesiam
319 2071 434 2136 Sancti
460 2072 556 2149 Petri,
579 2081 613 2136 et
636 2072 746 2136 reddit
768 2070 874 2154 .viij.d.
897 2070 960 2154 [et]
983 2070 1023 2152 ij.
1047 2090 1201 2155 capones.

882 2175 1040 2260 [Summa
1055 2175 1134 2258 iiij.¹
1148 2171 1230 2259 .vj.‘¹]

383 2426 429 2474 11.
473 2407 639 2474 Parochia
663 2409 781 2474 Sancti
794 2409 970 2496 Johanmk.

186 2547 271 2612 Milo
306 2546 349 2612 de
383 2547 606 2633 Tmmpitone
635 2558 727 2614 tenet
757 2569 860 2614 vnum
891 2549 1099 2632 mesuagium
1132 2549 1228 2613 iuxta

120 2653 311 2730 Plotislane,
333 2662 368 2717 et
390 2654 499 2718 reddit
522 2674 581 2736 per
603 2673 728 2718 annum
752 2654 819 2737 ijs.

184 2755 355 2840 Johannes
384 2757 515 2821 Prentiz
542 2767 634 2822 tenet
656 2757 698 2839 .ij.
721 2757 863 2841 schopas
886 2758 917 2819 in
945 2757 1063 2821 eadem
1088 2755 1228 2833 venelia,

186 2965 356 3030 Robertus
385 2965 416 3030 le
447 2965 659 3031 Scherisman
690 2975 783 3030 tenet
808 2985 911 3028 vnum
943 2964 1100 3029 solarium
1131 2964 1228 3054 iuxta

120 3071 328 3154 mesuagium
353 3069 494 3136 Galtridi
516 3072 560 3135 de
583 3070 797 3154 Costesheye‚
820 3081 854 3134 et
878 3071 988 3134 reddit
1010 3069 1087 3152 ‚iij.s.

186 3175 355 3240 Robertus
373 3174 416 3239 de
437 3175 614 3242 Somerton
631 3185 723 3240 tenet
743 3195 844 3239 vnam
866 3175 1004 3239 domum
1026 3173 1060 3238 in
1082 3174 1227 3256 Strawy-

102 3359 104 3362 .
120 3281 206 3358 lane,
221 3290 255 3345 et
270 3280 380 3345 reddit
394 3301 455 3365 per
469 3301 594 3345 annum
610 3280 709 3363 .xij.d.

186 3381 354 3448 Walterus
371 3383 506 3448 Beresot
521 3391 613 3448 tenet
628 3403 730 3446 vnum
749 3384 956 3467 mesuagium
973 3382 1070 3447 iuxta
1085 3381 1227 3448 Chollis·

121 3487 196 3551 lane
212 3496 245 3551 et
261 3486 372 3553 reddit
387 3509 446 3572 per
461 3508 586 3552 annum
603 3487 734 3570 .xviij.d.

184 3592 341 3675 Johanna
357 3592 399 3658 ad
416 3613 538 3676 aquam
554 3601 647 3657 tenet
662 3592 731 3656 duo
752 3592 924 3675 mesuagia
947 3593 980 3656 in
1003 3591 1227 3656 Lortebume-

121 3695 204 3772 lane,
219 3703 254 3760 et
270 3695 380 3760 reddit
395 3717 454 3780 per
468 3715 593 3760 annum
609 3695 687 3778 ‚iij.r.
703 3695 787 3778 ajat
802 3694 865 3780 [et]
882 3696 922 3778 ij.
938 3715 1094 3780 capones.

185 3799 305 3865 Abbas
317 3800 361 3866 de
370 3801 556 3866 Wardone’
566 3811 659 3866 tenet
671 3820 775 3865 vnum
789 3800 996 3884 mesuagium
1012 3820 1057 3865 ex
1069 3801 1226 3884 opposito

120 3903 256 3968 ecclesie
272 3903 387 3970 Sancti
404 3904 575 3987 Johannis,
590 3914 624 3969 et
640 3903 750 3968 reddit
765 3925 825 3988 per
840 3924 964 3968 annum
981 3903 1103 3987 ,xiiijrt

187 4009 333 4074 Persona
367 4009 412 4073 de
447 4011 589 4075 Dittone
622 4020 716 4076 tenet
750 4029 853 4074 vnum
885 4011 1094 4094 mesuagium
1130 4010 1256 4075 iuxtar.
1275 4021 1344 4088 1631>

123 4109 273 4194 Heneye,
298 4121 333 4175 et
362 4111 471 4176 reddit
501 4111 579 4176 inde
605 4131 665 4195 per
692 4131 818 4175 annum
850 4111 940 4194 tiijs.
967 4132 1028 4195 pro
1054 4111 1226 4194 mesuagio

120 4214 210 4297 quod
235 4213 299 4280 suit
322 4213 472 4298 magistri
497 4213 634 4280 Andree
658 4213 701 4280 de
725 4213 906 4281 Gesilham.

331 4366 341 4399 ¹
356 4368 455 4430 sactor',
470 4367 545 4430 Ms.;
561 4383 594 4418 an
605 4368 711 4419 obvious
721 4367 829 4419 mistalre
841 4369 879 4420 ior
890 4367 992 4420 saecor'.

330 4448 341 4481 ¹
357 4453 382 4502 A
393 4449 531 4504 cistercien
543 4452 635 4517 Abbey
647 4452 672 4501 in
684 4451 870 4504 Bediordshire.

201 4576 230 4621 C.
