3222 5086
141 361 202 462 111]
389 365 427 438 T
421 365 466 438 lie
493 365 588 439 land
608 366 656 464 of
680 364 838 440 Thomas
871 365 910 438 T
904 365 1004 463 uylet
1178 389 1243 461 1¹5

237 619 286 690 25.
331 609 496 675 Placitum
518 620 630 676 contra
651 609 830 676 Robertum
854 609 985 676 Hubert
1004 611 1043 676 de
1066 621 1155 675 terra
1260 620 1347 682 inb

561 714 592 780 T
588 716 680 780 home
707 715 826 798 Tuylet.

195 848 362 923 H[enricus]
393 852 439 907 dei
471 852 568 923 gracia
598 863 651 908 etc.
677 851 835 909 vicecomiti
866 852 1092 923 Cantebrigiensi
1118 853 1245 907 salutem.
1261 854 1412 948 gitthfflss

141 937 317 1010 Precipimus
334 939 385 996 tibi
402 941 474 997 sicut
491 942 562 998 alias
580 941 631 996 tibi
650 942 827 1014 precepimus
844 942 920 1013 quod
936 941 1033 997 venire
1049 941 1138 996 facias
1151 957 1247 995 coram
1261 955 1361 1048 {peplos

136 1023 301 1098 justiciariis
321 1029 426 1084 nostris
448 1030 524 1100 apud
546 1029 830 1086 Westmonasterium
852 1031 882 1084 in
905 1029 1014 1085 octabis
1037 1028 1248 1084 Purificacionis
1262 1004 1412 1110 rnpssieffh

140 1111 225 1167 beate
239 1113 331 1169 Marie
343 1114 517 1170 Willelmum
534 1114 571 1170 de
589 1115 689 1182 Stowe,
704 1116 847 1184 Rogerum
860 1115 896 1169 de
913 1114 1029 1183 Wykes,
1044 1115 1200 1168 Robertum
1213 1114 1248 1169 de
1262 1106 1412 1206 ffigffi}

142 1200 1248 1272 sanctoEadmundo‚EustachiumDunaing,LeoniumDunning‚etJohannem
1262 1206 1349 1250 orhnd
1358 1207 1389 1248 he

141 1287 178 1343 de
190 1287 265 1355 Toit.
279 1298 365 1346 testes
380 1289 543 1346 nominatos
560 1291 589 1344 in
606 1291 731 1361 quadam
743 1299 821 1346 carta
838 1307 923 1360 quarn
938 1290 1018 1345 Prior
1029 1291 1066 1344 de
1079 1290 1250 1345 Bemewelle
1280 1257 1367 1351 ’ἓξὲξ

141 1374 172 1430 in
185 1375 262 1430 curia
273 1387 372 1432 nostra
388 1395 484 1434 coram
493 1377 657 1449 justiciarijs
674 1377 778 1433 nostris
795 1379 872 1450 apud
889 1377 1174 1432 westmonasterium
1187 1395 1250 1448 pro·
1263 1359 1305 1402 'h‘
1316 1357 1402 1400 m?

141 1462 195 1518 fert
207 1464 260 1518 sub
273 1465 388 1520 nomine
401 1466 512 1521 Thome
524 1465 635 1535 Tuylet‚
672 1467 710 1520 Et
723 1475 817 1536 preter
829 1464 891 1520 illos
904 1465 958 1534 ⁸xij.
971 1474 1031 1520 tam
1048 1465 1151 1520 milites
1163 1481 1251 1536 quam

141 1551 213 1607 alios
237 1551 341 1608 liberos
366 1564 394 1608 et
418 1555 524 1624 legales
553 1554 691 1621 homines,
716 1564 776 1608 tam
803 1553 957 1609 forinsecos
986 1569 1073 1624 quam
1101 1555 1137 1608 de
1161 1555 1250 1623 burgo

145 1637 333 1711 Cantebrigie‚
354 1641 533 1710 Bemewelle,
553 1651 581 1696 et
600 1642 787 1708 Newenham,
805 1658 855 1713 per
874 1659 946 1713 quos
966 1642 1006 1696 rei
1026 1642 1130 1698 ueritas
1149 1641 1250 1698 melius

144 1725 208 1780 sciri
221 1726 331 1796 poterit,
345 1729 392 1800 qui
406 1745 458 1784 nec
472 1731 629 1784 Robertum
645 1728 735 1783 hlium
753 1727 870 1784 Roberti
886 1729 997 1784 Hubert
1010 1745 1063 1783 nec
1077 1728 1202 1783 Priorem
1215 1728 1251 1783 de

145 1815 315 1871 Bemewelle
328 1816 424 1887 aliqua
435 1816 571 1874 affinitate
583 1819 733 1888 attingant,
744 1819 781 1872 ad
790 1817 1051 1888 recognoscendum
1065 1833 1149 1887 super
1158 1833 1251 1872 sacra·

144 1912 272 1958 mentum
284 1919 367 1958 suum
380 1904 404 1959 si
416 1905 559 1976 predictus
569 1906 697 1960 Thomas
707 1921 778 1960 auus
788 1904 907 1976 predicti
919 1905 1036 1959 Roberti
1046 1905 1116 1974 obijt
1129 1904 1252 1974 saysitus

144 1991 173 2046 in
187 1991 331 2048 dominico
346 2010 397 2048 suo
414 2003 444 2050 ut
461 1995 497 2049 de
513 1994 597 2050 feodo
614 1995 650 2049 de
668 1993 873 2065 quinquaginta
889 2004 918 2048 et
934 2003 999 2047 octo
1012 1992 1085 2047 acris
1097 2002 1171 2048 terre
1187 2009 1253 2048 cum

144 2080 325 2151 pertinencijs
344 2081 373 2135 in
394 2082 584 2153 Cantebrigia,
598 2083 779 2152 Bemewelle,
796 2081 981 2148 Newenham,
994 2091 1022 2136 et
1041 2082 1078 2137 de
1096 2091 1160 2136 octo
1179 2081 1252 2136 acris

145 2178 217 2223 terre
234 2186 298 2224 cum
312 2170 494 2242 pertinencijs
511 2172 541 2226 in
559 2171 667 2226 eisdem
680 2171 753 2225 villis
770 2169 843 2226 sicut
860 2169 1003 2240 predictus
1021 2171 1163 2224 Robertus
1175 2169 1252 2238 dicit,

144 2257 190 2311 vel
209 2257 234 2313 si
257 2257 333 2313 idem
353 2259 480 2314 Thomas
500 2258 627 2314 seoffauit
646 2259 804 2328 predictum
824 2258 951 2314 Priorem
969 2259 1006 2312 de
1023 2256 1157 2328 predictis
1176 2266 1252 2312 tene·

144 2345 256 2414 mentis,
275 2357 303 2403 et
322 2347 415 2418 ipsum
433 2364 484 2420 per
501 2349 617 2419 longum
636 2359 748 2418 tempus
767 2359 833 2404 ante
852 2359 972 2404 mortem
991 2365 1072 2403 suam
1091 2348 1126 2403 de
1144 2347 1253 2402 eisdem

144 2435 313 2491 tenementis
326 2435 354 2490 in
367 2436 524 2507 plenariam
536 2453 688 2505 saysynam
700 2437 795 2506 posuit
807 2435 879 2491 sicut
892 2435 1036 2506 predictus
1049 2435 1129 2490 Prior
1141 2435 1217 2490 dicit.

199 2523 238 2577 Et
259 2532 289 2578 tu
311 2522 373 2595 ipse
394 2533 461 2579 tunc
485 2525 524 2579 sis
546 2523 584 2580 ibi
607 2524 752 2579 auditurus
778 2523 912 2579 iudicium
936 2533 1016 2578 tuum
1038 2523 1074 2578 de
1097 2523 1152 2578 hoc
1177 2521 1254 2594 quod

145 2609 287 2680 predictos
309 2619 396 2666 testes
415 2621 443 2666 et
462 2611 571 2681 juratos
592 2629 689 2667 coram
707 2610 871 2682 justiciariis
892 2611 995 2666 nostris
1018 2611 1094 2682 apud
1112 2611 1253 2666 Westmo-

145 2699 300 2754 nasterium
331 2701 358 2754 in
390 2700 514 2756 crastino
545 2701 713 2756 Animarum
743 2701 840 2756 venire
868 2717 925 2755 non
955 2701 1069 2770 fecistis,
1099 2701 1171 2756 sicut
1201 2699 1255 2755 tibi

146 2797 311 2859 preceptum
329 2787 390 2856 fuit,
411 2789 478 2859 quia
497 2797 556 2842 tam
578 2787 721 2858 predictus
744 2787 824 2843 Prior
842 2805 929 2858 quam
950 2786 1093 2858 predictus
1113 2788 1254 2842 Robertus

146 2877 220 2931 inter
240 2892 312 2947 quos
336 2885 379 2932 est
404 2876 470 2932 inde
491 2877 640 2932 contencio
662 2887 816 2946 posuerunt
841 2894 872 2932 se
894 2877 922 2931 in
945 2876 1068 2946 juratam
1093 2877 1178 2932 illam.
1216 2877 1255 2932 Et

145 2965 254 3020 habeas
273 2964 313 3019 ibi
332 2963 452 3019 nomina
472 2963 682 3033 recognitorum
699 2973 727 3018 et
747 2964 801 3019 hoc
819 2965 912 3019 breue.
950 2967 1037 3020 Teste
1054 2961 1206 3036 G[ilberto]
1218 2963 1254 3019 de

148 3051 298 3108 Prestone¹
310 3051 386 3122 apud
399 3053 684 3109 Westmonasterium
696 3052 743 3108 xii.
757 3052 803 3108 die
817 3053 994 3108 Decembris.

322 3226 371 3290 26.
416 3224 582 3290 Placitum
603 3234 715 3290 contra
737 3223 871 3290 eundem
893 3223 1078 3289 Robertum.

214 3365 412 3447 Preceptum
440 3362 502 3428 suit
527 3363 714 3428 vicecomiti
745 3363 835 3447 quod
867 3362 979 3426 uenire
1010 3361 1110 3426 iaciat
1140 3380 1253 3425 coram

148 3467 345 3554 Justiciarijs
375 3476 446 3545 etc,
478 3468 661 3532 Henricum
692 3468 734 3530 de
766 3466 942 3544 Childerle,
973 3465 1180 3530 Willelmum
1212 3465 1254 3530 de

149 3573 270 3650 Stowe,
298 3573 468 3655 Rogerum
495 3572 538 3636 de
566 3571 703 3655 Wykes‚
731 3572 917 3636 Robertum
940 3571 983 3636 de
1011 3571 1138 3637 Sancto
1165 3570 1254 3634 Ead-

148 3677 284 3753 mundo,
296 3675 515 3740 Eustachium
529 3675 700 3758 Dunning,
713 3676 877 3739 Leonium
895 3674 1066 3758 Dunning,
1082 3686 1115 3739 et
1130 3675 1255 3757 Johan-

149 3801 225 3845 nem
249 3779 291 3844 de
314 3779 441 3856 Toites,
462 3788 566 3843 testes
592 3779 784 3844 nominatos
809 3779 842 3842 in
866 3780 1013 3862 quadam
1037 3788 1129 3843 carta
1153 3797 1254 3861 quarn

150 3886 242 3951 Prior
263 3885 306 3950 de
329 3883 530 3950 Bemewelle
553 3885 587 3948 in
610 3884 701 3948 curia
721 3884 849 3948 domini
872 3884 975 3967 Regis
996 3883 1122 3965 profert
1142 3902 1254 3947 coram

147 3989 338 4074 justiciarijs
360 3990 423 4053 sub
445 3989 580 4052 nomine
602 3988 735 4052 Thome
758 3988 891 4070 Tuylet‚
907 3995 941 4051 et
964 3996 1075 4070 preter
1097 3985 1171 4050 illos
1187 3983 1254 4066 .xij.

149 4105 219 4158 tam
235 4093 357 4158 milites
372 4102 433 4157 etc.
449 4103 520 4156 tam
536 4093 717 4157 forinsecos
734 4113 834 4176 quam
851 4093 893 4157 de
909 4093 1017 4175 burgo
1034 4089 1256 4171 Cantebrigie,

151 4198 361 4273 Bemewelle,
378 4197 596 4274 Newenham,
611 4217 671 4280 per
690 4217 775 4279 quos
796 4199 842 4260 rei
862 4197 987 4261 ueritas
1007 4205 1058 4258 est
1074 4202 1135 4258 etc.
1151 4193 1256 4274 etqui

151 4325 211 4368 nec
238 4303 424 4368 Robertum
452 4311 513 4366 etc.
541 4301 583 4366 ad
608 4303 917 4384 recognoscendum
944 4311 1005 4364 etc.
1033 4299 1060 4361 si
1088 4297 1257 4380 predictus

241 4431 252 4464 ¹
270 4432 396 4500 Probably
407 4431 506 4486 Gilbert
520 4431 635 4489 Preston,
644 4431 736 4495 justice
747 4431 777 4487 oi
785 4431 828 4486 tlte
840 4431 931 4497 King‘s
943 4429 1039 4490 Bench,
1052 4429 1079 4478 d.
1094 4443 1163 4490 ¹²74·

1099 4528 1176 4590 8-2
