3212 5064
349 332 396 419 98
504 331 566 428 Of
583 331 691 406 lands
718 333 758 406 in
785 332 846 407 the
861 331 976 432 fields
993 333 1043 430 of
1061 331 1283 430 Cambridge
1335 328 1456 429 [Boou

347 527 382 582 et
398 520 601 602 procedente
617 519 797 604 [tempore]
814 521 975 604 presbiter
995 519 1168 584 ordinatus
1189 520 1379 601 assignatus
1394 516 1458 580 fuit

348 624 390 686 ad
421 621 657 687 celebrandum
689 644 750 707 pro
780 625 899 690 eodem
931 624 1092 708 magistro
1121 624 1164 688 ad
1201 621 1304 687 altare
1341 620 1456 687 Sancti

349 721 539 804 Augustini.
587 723 666 805 lpso
704 745 784 788 uero
820 724 987 799 defuncto
1024 723 1107 787 alius
1144 723 1254 797 debet,
1286 721 1328 786 ad
1367 721 1456 784 idem

348 827 524 891 seruicium
561 827 759 905 iaciendum,
789 831 831 894 ad
869 830 958 894 idem
996 827 1100 891 altare
1138 827 1308 910 assignari,
1339 835 1373 889 et
1410 824 1458 888 sic

350 933 582 1016 inperpetuum
618 936 811 999 successiue.
872 934 930 999 Ad
963 953 1064 998 vnarn
1099 933 1234 997 missam
1265 932 1367 996 debet
1397 951 1458 1013 pro

349 1038 462 1102 anima
485 1038 588 1122 ipsius
612 1039 751 1106 Roberti
776 1041 935 1106 memoria
959 1039 1036 1104 fieri.

349 1294 400 1358 44
446 1274 498 1340 Dc
519 1277 618 1342 terris
639 1299 721 1360 quas
742 1277 847 1342 Prior
866 1287 897 1343 et
921 1277 1077 1344 Canonici
1096 1275 1215 1342 habent
1236 1275 1271 1341 in
1291 1275 1459 1341 domineco.

186 1467 337 1562 partim·
417 1447 510 1513 Prior
539 1458 574 1513 et
600 1447 760 1513 Canonici
787 1447 830 1512 de
857 1446 1059 1512 Bemewelle
1086 1455 1201 1511 tenent
1228 1446 1261 1510 in
1289 1445 1460 1511 dominico

186 1568 336 1661 {322¹ss
350 1563 416 1617 tres
439 1563 610 1617 carucatas
633 1562 728 1628 terre,
742 1552 830 1616 vnde
853 1552 1036 1616 secundum
1061 1553 1151 1634 quod
1175 1560 1287 1634 potest
1310 1551 1459 1615 estimari

186 1669 313 1762 mem
350 1678 409 1742 per
439 1657 655 1741 agricultores
684 1666 718 1721 et
748 1656 902 1730 seniores,
934 1657 1059 1720 habent
1090 1658 1123 1719 in
1153 1677 1220 1720 vno
1250 1676 1371 1738 campo
1401 1657 1459 1739 qui

186 1771 308 1814 convent·
348 1770 487 1826 vocatur
510 1761 778 1826 Brademereseld
800 1771 834 1825 et
858 1760 1026 1825 Meledich
1042 1761 1150 1842 .xiij¹³.
1167 1780 1268 1826 acras.
1317 1760 1402 1824 Item
1425 1760 1458 1824 in

351 1865 539 1930 Middilield
562 1865 680 1930 ‚xiiius
702 1886 803 1930 acras.
852 1865 938 1929 ltem
962 1863 1114 1929 Fordeiel
1136 1874 1170 1928 et
1194 1865 1377 1929 Estenhale
1398 1887 1460 1948 pro

349 1991 415 2036 vno
431 1991 552 2054 campo
568 1972 663 2036 siin.
680 1993 780 2036 acras.
828 1971 881 2035 De
897 1971 1017 2054 quibus
1036 1971 1130 2034 terris
1151 1971 1288 2053 quidam
1305 1970 1400 2033 miles
1415 1969 1460 2034 de

350 2074 476 2140 familia
504 2076 629 2159 Pagani
658 2075 793 2141 Peuerel
819 2076 928 2139 dictus
955 2074 1118 2139 Albertus
1146 2075 1268 2140 Chiuet
1295 2073 1388 2138 dedit
1411 2075 1459 2137 eis

350 2189 455 2245 totam
475 2190 598 2245 terram
619 2200 720 2264 quam
738 2178 926 2243 Willelmus
943 2178 985 2242 de
1001 2178 1140 2242 Writele
1155 2177 1336 2262 aliquando
1351 2179 1460 2242 tenuit

349 2286 392 2349 de
428 2285 578 2368 predicto
615 2285 751 2368 Pagano
785 2283 869 2346 inira
901 2283 1045 2365 burgum
1082 2293 1115 2347 et
1145 2293 1244 2348 extra
1280 2304 1385 2366 usque
1415 2283 1459 2348 ad

350 2391 573 2473 quantitatem
585 2388 640 2454 lx.
653 2410 803 2454 acrarum
819 2398 853 2453 et
869 2389 911 2453 ad
929 2389 1169 2452 incrementum
1186 2388 1276 2453 illam
1293 2388 1457 2453 culturam

350 2515 416 2577 que
435 2495 520 2558 iacet
540 2503 619 2558 ante
639 2503 771 2577 portam
792 2493 1028 2557 canonicorum
1046 2493 1184 2558 liberam
1201 2503 1235 2558 et
1250 2494 1398 2576 quietam
1415 2493 1460 2557 ab

351 2598 442 2662 omni
458 2597 596 2662 seculari
613 2596 753 2661 seruicio
769 2597 800 2660 in
818 2606 1013 2680 perpetuam
1031 2596 1258 2662 elemosinam.
1302 2595 1458 2680 Sigillum

351 2700 438 2764 illius
461 2709 551 2764 carte
575 2701 642 2764 iere
664 2709 901 2784 consumptum
925 2710 976 2764 est
1000 2722 1059 2784 pre
1082 2710 1258 2765 uetustate.

188 2825 338 2877 sensuve-a
420 2805 505 2869 ltem
528 2827 571 2869 ex
593 2807 683 2870 dono
706 2804 862 2888 Hugonis
884 2806 1001 2888 prioris
1016 2807 1072 2888 qui
1088 2805 1178 2869 beati
1196 2804 1308 2888 Egidij
1325 2814 1460 2869 secutus

187 2875 339 3016 {Egi-‘iun
353 2910 494 2992 uestigia
520 2910 713 2995 parentibus
735 2909 807 2974 eius
831 2911 863 2974 in
887 2930 970 2993 pace
997 2908 1161 2973 defunctis
1185 2907 1376 2992 patrimonij
1400 2909 1461 2986 sui,

187 2985 317 3079 axii-¹¹⁵⁵
352 3014 443 3098 quod
470 3016 550 3078 satis
578 3035 738 3098 magnum
763 3024 975 3090 remanserat,
1000 3014 1169 3079 Christum
1194 3013 1270 3078 iecit
1293 3014 1460 3077 heredem.

352 3118 475 3182 Totam
492 3138 637 3202 namque
652 3128 774 3184 terram
788 3118 922 3183 Osberti
937 3119 1143 3182 Domesman
1156 3117 1321 3201 patrissui
1335 3115 1461 3182 scilicet

351 3222 478 3305 sepcies
490 3222 607 3304 viginti
620 3243 713 3286 acras
726 3222 757 3285 in
771 3222 900 3304 campis
912 3221 1134 3304 Cantebrigie‚
1146 3240 1274 3284 necnon
1286 3239 1460 3284 mansuras

351 3325 384 3387 in
416 3324 522 3407 burgo
552 3324 775 3408 quamplures,
803 3326 836 3388 in
867 3345 1080 3389 communem
1111 3323 1249 3387 fratrum
1281 3323 1459 3389 utilitatem

351 3428 501 3493 deduxit.
563 3429 616 3492 lta
649 3429 780 3512 scripsit
815 3427 983 3494 Guarinus
1016 3428 1204 3504 canonicus,
1230 3428 1288 3492 sed
1325 3427 1368 3491 de
1403 3427 1461 3492 illa

351 3532 538 3597 donacione
560 3544 686 3598 cartam
711 3554 777 3597 non
802 3533 912 3597 recolo
935 3554 989 3598 me
1012 3532 1143 3597 uidisse.

190 3651 228 3742 ἓν
421 3637 506 3701 Item
529 3639 666 3702 domina
691 3639 855 3703 Nicholaa
877 3639 945 3702 lilia
968 3648 1003 3703 et
1028 3637 1123 3702 heres
1143 3637 1272 3701 domini
1299 3635 1460 3700 Willelmi

188 3703 313 3855 25:333
354 3740 396 3805 de
424 3740 684 3824 Hammingiord
711 3743 805 3806 dedit
828 3743 875 3805 eis
898 3751 964 3806 tres
987 3761 1081 3806 acras
1104 3751 1189 3805 terre
1213 3741 1357 3804 iacentes
1381 3749 1461 3804 ante

317 3831 322 3844 ¹
354 3855 485 3928 portam
512 3845 554 3908 de
582 3845 792 3920 Bernewelle,
815 3866 920 3928 prope
947 3845 1086 3909 croitam
1116 3845 1241 3928 Rogeri
1266 3843 1402 3926 Lungis,
1425 3843 1459 3907 in

353 3950 490 4014 liberam
514 3971 631 4033 puram
656 3959 689 4014 et
712 3960 909 4034 perpetuam
932 3949 1160 4015 elemosinam.

190 4075 229 4127 ay
421 4055 571 4119 Matildis
598 4055 776 4120 Comitissa
803 4055 897 4120 dedit
924 4056 971 4120 eis
997 4056 1082 4118 duas
1108 4075 1202 4119 acras
1227 4063 1305 4118 ante
1329 4063 1460 4136 portam

188 4125 311 4218 iffiiii?
353 4158 491 4223 ecclesie
526 4179 594 4235 sue,
623 4158 724 4223 libere
760 4170 793 4223 et
829 4161 950 4244 quiete,
980 4158 1071 4222 omni
1109 4158 1287 4221 exactione
1324 4167 1461 4221 remota„

354 4265 454 4348 Quod
471 4273 584 4329 autem
600 4263 654 4327 ille
670 4263 736 4328 due
751 4285 826 4328 acre
842 4284 908 4327 non
925 4265 993 4328 sint
1009 4264 1041 4327 in
1063 4281 1186 4345 campo
1201 4262 1243 4325 de
1260 4260 1462 4326 Brademere

352 4371 561 4453 presumitur,
578 4369 737 4453 quoniam
759 4379 850 4437 carta
871 4368 1040 4436 comitisse
1061 4367 1207 4450 loquitur
1227 4366 1270 4430 de
1290 4367 1460 4432 canonicis
