3192 5102
344 369 414 440 288
660 365 823 439 Terrenis
852 364 893 438 'in
922 364 1143 462 Cambridge
1333 362 1449 460 [Boou

339 557 418 634 chri,
444 565 478 620 et
500 575 602 620 vnum
627 557 834 638 mesuagium
858 576 904 621 ex
930 555 1088 640 opposito
1114 555 1271 620 Fratrum
1297 551 1447 617 Predica·
1572 605 1574 614 Α

339 669 449 724 torum
465 669 500 724 et
515 658 660 724 reddunt
675 661 754 723 inde
768 680 828 743 per
843 679 967 724 annum
984 659 1090 724 mirer.

405 765 572 830 cristiana
595 765 706 828 Lucas
727 773 820 830 tenet
840 785 941 830 vnam
964 785 1076 829 acram
1099 773 1186 828 terre
1210 763 1244 826 in
1268 760 1386 826 croitis
1407 762 1448 824 de

341 869 546 934 Newenham
569 877 604 932 et
627 867 737 932 reddit
760 888 966 952 perannum
992 869 1126 952 xviijri.

407 974 516 1038 Heres
540 971 701 1038 Willelmi
723 973 869 1038 Wombe
894 983 987 1040 tenet
1012 973 1098 1039 duas
1124 993 1217 1038 acras
1240 981 1330 1037 terre
1351 973 1447 1035 iuxta

340 1078 537 1144 Grenecroit
559 1087 594 1143 et
617 1078 726 1142 reddit
750 1098 956 1161 perannum
979 1079 1046 1162 ijs.

1044 1183 1202 1267 [Summa
1215 1179 1340 1264 ‚xxxjr
1354 1177 1449 1264 viij.‘¹]

604 1481 633 1543 8.
678 1477 842 1543 Parochia
867 1478 984 1543 Sancti
1009 1476 1180 1541 Benedicti.

403 1660 575 1742 Johannes
593 1659 759 1743 Humirey
771 1669 864 1724 tenet
876 1680 979 1725 vnum
997 1659 1205 1742 mesuagium
1219 1659 1316 1722 iuxta
1329 1659 1447 1724 Lorte-

339 1763 444 1828 burne
459 1764 534 1828 lane
549 1775 583 1828 et
598 1764 709 1830 reddit
724 1785 784 1847 per
799 1783 924 1828 annum
940 1785 1034 1828 ‚xxs

404 1869 572 1933 Robertus
606 1870 649 1933 de
685 1869 870 1951 Bitteringe
905 1877 998 1933 tenet
1028 1887 1130 1931 vnum
1165 1869 1375 1950 mesuagium
1413 1871 1446 1932 in

340 1974 547 2038 Lortebume
570 1973 646 2037 lane
670 1983 703 2037 et
728 1973 837 2038 reddit
863 1973 940 2036 inde
964 1993 1023 2056 per
1050 1991 1174 2035 annum
1201 1971 1332 2054 ,xviijri

406 2077 500 2141 Idem
518 2077 685 2142 Robertus
701 2087 793 2142 tenet
809 2097 910 2140 vnum
928 2077 1137 2159 mesuagium
1158 2085 1256 2139 extra
1273 2087 1388 2158 portas
1403 2079 1448 2142 de

339 2181 569 2265 Trumpitone,
584 2191 618 2247 et
635 2180 744 2246 reddit
760 2182 844 2246 ixii.

405 2285 592 2349 Willelmus
611 2285 724 2367 Holay
742 2294 833 2349 tenet
849 2305 951 2348 vnum
969 2285 1177 2365 mesuagium
1195 2283 1227 2346 in
1243 2285 1334 2347 dicta
1350 2305 1448 2366 paro-

338 2389 413 2454 chia
443 2391 539 2454 iuxta
570 2391 777 2473 mesuagium
809 2388 968 2473 Symonis
999 2387 1156 2472 Seph'are
1186 2397 1221 2451 et
1251 2389 1361 2452 reddit
1388 2411 1450 2472 per

339 2512 464 2558 annum
488 2493 565 2575 jijs.

406 2597 536 2680 Symon
573 2597 722 2682 Sephare
757 2607 849 2662 tenet
879 2618 982 2661 vnum
1021 2597 1229 2680 mesuagium
1263 2598 1296 2662 in
1327 2601 1447 2664 eadem

340 2700 496 2787 parochia
521 2701 617 2764 iuxta
643 2704 850 2784 mesuagium
876 2703 956 2766 dicti
981 2701 1149 2779 willelmi,
1172 2713 1205 2764 et
1231 2703 1339 2767 reddit
1364 2705 1447 2787 ,vj.d.

1078 2803 1235 2888 [Summa
1252 2805 1348 2887 ‚xxj.⁸
1363 2804 1448 2890 ixi]

610 3117 639 3182 9.
685 3099 848 3166 Parocln'a
874 3100 991 3165 Sancti
1012 3100 1173 3184 Botulphi.

405 3381 597 3465 Margareta
623 3383 654 3448 le
682 3385 781 3449 Grele
811 3394 902 3449 tenet
927 3405 1029 3449 vnum
1061 3385 1268 3467 mesuagium
1294 3385 1328 3449 in
1354 3385 1447 3449 dicta

340 3486 495 3568 parochia
518 3488 615 3553 iuxta
636 3489 842 3570 mesuagium
867 3489 1022 3572 Hugonis
1045 3488 1088 3552 de
1110 3489 1266 3564 Becham,
1280 3499 1315 3553 et
1335 3487 1447 3554 reddit

339 3589 436 3673 ‚xijd
460 3599 494 3655 et
516 3591 558 3674 ij.
581 3613 735 3677 capones.

406 3695 510 3780 Hugo
535 3696 578 3760 de
606 3697 752 3761 Becham
779 3705 875 3777 tenet·
897 3718 1000 3762 vnum
1028 3696 1234 3780 mesuagium
1266 3697 1299 3761 in
1325 3697 1444 3763 eadem

339 3800 496 3883 parochia
519 3801 614 3865 iuxta
638 3801 845 3883 mesuagium
867 3801 957 3866 dicte
978 3802 1176 3884 Margarete,
1198 3811 1232 3866 et
1255 3802 1366 3866 reddit
1387 3823 1447 3886 per

338 3925 464 3969 annum
487 3904 587 3987 ,xij.d.
610 3916 645 3969 et
667 3904 708 3988 ij.
732 3927 883 3988 capones.

405 4006 511 4071 Elena
527 4007 731 4090 Scherwynd
753 4019 844 4073 tenet
859 4028 959 4072 vnam
980 4007 1164 4093 schoppam
1187 4009 1219 4072 in
1237 4008 1308 4072 soro
1324 4010 1447 4076 Cante-

338 4112 444 4195 brigie
458 4113 513 4177 vbi
529 4113 680 4178 vendunt
696 4114 817 4177 lineam
834 4113 945 4190 telam,
962 4123 996 4177 et
1014 4113 1124 4178 reddit
1138 4113 1212 4179 ‚xri

404 4216 658 4281 Bartholomeus
669 4217 834 4302 Cogging¹
844 4227 935 4282 tenet
947 4218 1001 4282 ix.
1012 4239 1105 4282 acras
1114 4227 1201 4282 terre
1209 4219 1253 4284 ad
1264 4219 1445 4285 terminum

338 4319 404 4384 vite
422 4320 538 4385 Maddi
555 4323 597 4385 de
614 4321 781 4398 Balsham,
796 4331 830 4386 et
846 4321 955 4386 reddit
971 4321 1086 4405 .xiiij.s.

786 4447 794 4481 ¹
812 4450 916 4516 Goggis,
929 4449 987 4502 us.
