3222 5086
162 365 226 470 111]
462 371 510 468 of
526 370 677 446 Burton
703 369 744 446 in
770 369 955 445 Kesteven
1200 390 1269 460 109

161 554 357 622 Wateruille
383 565 574 621 antecessor
601 556 749 641 predicte
779 555 939 622 Asceline
961 553 1106 640 vxor[is]
1129 551 1270 639 predicti

162 659 335 745 Radulphi
349 659 444 726 dedit
459 660 524 725 deo
539 670 574 725 et
591 660 730 725 ecclesie
745 661 852 724 sancti
874 659 987 744 Egidij
1004 661 1048 724 dc
1069 655 1271 723 Bernewelle

161 765 421 830 aduocacionem
439 764 588 848 predicte
603 762 742 829 ecclesie
764 774 798 829 et
813 764 971 848 quicquid
989 764 1022 829 in
1046 762 1271 827 aduocacione

163 870 312 954 predicte
332 870 470 934 ecclesie
488 867 606 932 habuit
625 868 677 932 uel
696 867 819 933 habere
835 869 954 952 potuit,
971 878 1005 933 et
1021 867 1146 951 profert
1166 887 1271 951 quan·

160 972 256 1038 dam¹
276 973 416 1057 predicti
437 971 608 1055 Radulphi
624 981 750 1036 cartam
775 994 841 1057 que
861 973 924 1038 hoc
946 981 1095 1038 testatur.
1142 969 1272 1036 Profert

161 1078 268 1142 eciam
290 1077 473 1162 quamdam
495 1075 788 1141 confirmacionem
812 1076 964 1159 predicte
978 1076 1137 1141 Asceline
1152 1073 1272 1140 abauie

162 1182 312 1265 predicte
343 1181 502 1246 Asceline
528 1181 644 1245 vxoris
674 1181 816 1265 predicti
844 1180 1027 1265 Radulphi,
1055 1190 1090 1245 et
1120 1179 1273 1244 similiter

162 1287 346 1370 quamdam
368 1285 661 1351 confirmacionem
684 1287 748 1351 sub
772 1287 908 1350 nomine
931 1287 1103 1351 cuiusdam
1129 1283 1272 1349 Matilde

163 1391 207 1456 de
233 1392 320 1456 Diue
343 1393 465 1456 sororis
488 1392 636 1475 predicte
658 1391 817 1456 Asceline
840 1391 969 1468 abauie,
993 1391 1026 1455 in
1049 1391 1170 1474 quibus
1193 1409 1271 1454 con·

162 1495 288 1560 tinetur
307 1495 399 1578 quod
417 1496 487 1579 ipse
502 1506 737 1561 concesserunt
753 1495 817 1560 deo
833 1506 867 1561 et
881 1496 1019 1560 ecclesie
1034 1495 1141 1558 sancti
1158 1492 1271 1578 Egidii

163 1599 208 1662 de
223 1597 425 1662 Bernewelle
443 1608 478 1662 et
499 1599 679 1662 conuentui
696 1598 821 1662 ibidem
842 1599 907 1663 deo
925 1601 1146 1664 seruientibus
1166 1598 1271 1662 dona·

164 1703 294 1767 cionem
320 1722 422 1786 quam
450 1701 619 1786 predictus
648 1701 848 1786 Radulphus
875 1701 917 1766 de
944 1702 1140 1767 Wateruille
1171 1701 1272 1767 irater
1285 1713 1302 1764 r.
1314 1730 1348 1778 40

165 1806 387 1891 predictarum
428 1805 582 1870 Asceline
613 1817 649 1870 et
680 1805 821 1870 Matilde
852 1807 900 1870 eis
931 1805 1008 1872 l'ecit
1044 1806 1086 1871 de
1122 1805 1271 1890 predicta

162 1912 387 1976 aduocacione
401 1932 484 1994 quas
501 1910 625 1994 prolert
641 1920 752 1993 etque
765 1908 1030 1975 hoctestantur¹.
1073 1910 1175 1976 Vnde
1190 1910 1272 1975 dicit

163 2017 331 2099 predictus
356 2018 448 2081 Prior
470 2016 560 2100 quod
585 2018 717 2080 racione
739 2016 964 2099 predictarum
989 2016 1213 2080 donacionurn
1236 2025 1271 2080 et

163 2120 458 2184 confirmacionum
479 2121 617 2204 quidam
638 2120 827 2185 Willelmus
849 2121 892 2185 de
911 2120 1076 2186 Bedesord
1097 2120 1269 2204 quondam

164 2225 258 2288 Prior
297 2226 340 2289 de
381 2225 583 2289 Bernewelle
621 2225 835 2309 predecessor
872 2247 951 2290 suus
989 2236 1141 2309 tempore
1179 2225 1270 2308 pacis

163 2331 368 2413 presentauit
389 2331 576 2414 predictum
606 2330 775 2413 Rogerum
799 2332 842 2395 de
868 2329 1091 2414 Huntingield
1115 2328 1269 2394 clericum
1601 2321 1602 2412 l

163 2456 259 2500 suum
277 2447 310 2498 et
326 2435 369 2500 ad
385 2435 570 2520 predictam
586 2435 761 2500 ecclesiam
779 2434 842 2500 luit
857 2435 1023 2499 admissus
1039 2443 1073 2498 et
1089 2433 1269 2512 institutus,
1601 2415 1602 2478 l

163 2547 198 2603 et
215 2539 334 2602 vltimo
356 2539 440 2603 obiit
462 2559 605 2622 persona
624 2539 658 2603 in
678 2537 819 2617 eadem;
843 2548 878 2603 et
895 2539 986 2622 quod
1003 2538 1050 2602 ita
1065 2538 1108 2602 sit
1124 2538 1219 2621 ponit
1234 2558 1270 2602 se

163 2663 263 2726 super
284 2661 445 2726 assysam

230 2747 274 2810 Et
306 2745 400 2812 Otho
424 2768 483 2831 per
508 2756 716 2812 attornatum
741 2768 838 2811 suum
863 2746 945 2811 dicit
969 2746 1061 2830 quod
1086 2746 1300 2854 adipsum
1284 2761 1422 2805 rhesum

164 2852 306 2934 pertinet
322 2862 512 2933 presentare
527 2850 570 2916 ad
582 2851 767 2934 predictam
784 2851 957 2915 ecclesiam
974 2849 1114 2934 eoquod
1125 2850 1270 2934 quedam
1285 2812 1407 2956 wpuoffi

165 2955 309 3020 Matilda
323 2956 366 3019 de
383 2956 472 3020 Diua
488 2959 564 3021 auia
580 2957 683 3040 ipsius
706 2955 851 3021 Othonis
867 2955 985 3019 vltimo
1002 2956 1207 3039 presentauit
1227 2958 1270 3021 ad

165 3060 347 3142 predictam
373 3061 548 3126 ecclesiam
573 3061 744 3142 Rogerum
768 3068 920 3145 tempore
944 3061 1034 3142 pacis
1060 3069 1094 3124 et
1120 3072 1271 3142 tempore

164 3163 325 3245 Johannis
343 3165 453 3248 Regis,
469 3165 526 3248 qui
546 3164 589 3228 ad
611 3163 895 3247 presentacionem
916 3184 1011 3228 suam
1029 3163 1090 3227 luit
1105 3164 1271 3228 admissus

165 3277 198 3332 et
213 3268 395 3346 institutus,
411 3279 445 3333 et
461 3269 580 3333 vltimo
595 3269 680 3352 obijt
695 3289 838 3352 persona
854 3269 887 3332 in
904 3267 1022 3333 eadem
1036 3289 1043 3346 ;
1068 3278 1102 3332 et
1117 3271 1207 3352 quod
1225 3271 1273 3335 ita

164 3371 207 3436 sit
231 3374 326 3456 ponit
356 3395 392 3438 se
418 3395 519 3458 super
547 3393 707 3458 assysam.
764 3373 809 3436 Et
833 3372 972 3457 predicti
1005 3373 1207 3457 Radulphus
1237 3385 1271 3440 et

165 3476 323 3543 Ascelina
345 3477 505 3542 similiter.
552 3479 598 3542 Et
622 3477 697 3541 ideo
720 3477 873 3561 capiatur
895 3498 1020 3560 assysa,
1042 3486 1104 3541 etc.

241 3693 286 3755 16.
330 3691 451 3756 Arsesa
465 3702 557 3775 capta
571 3691 610 3755 de
625 3691 834 3756 aduocaciom
849 3691 989 3758 Ecclesie
1000 3692 1041 3755 de
1054 3692 1197 3758 Bertonr.

620 3794 743 3881 Jurati
755 3805 807 3858 etc.

216 3947 305 4019 Jurati
327 3947 425 4004 dicunt
444 3949 521 4019 quod
546 3949 690 4020 predictus
715 3947 875 4004 Willelmus
899 3949 936 4003 de
962 3949 1101 4006 Bedeford
1125 3951 1271 4023 quondam
1285 3971 1339 4013 ‘me
1326 3971 1410 4062 ‘lm

166 4036 245 4091 Prior
267 4037 303 4092 de
329 4036 499 4092 Bernewelle
523 4036 708 4107 predecessor
731 4033 812 4090 istius
840 4035 943 4092 Prioris
971 4037 1070 4093 ultimo
1098 4039 1270 4110 presentauit
1285 4021 1382 4114 221⁶ss
1392 4021 1435 4064 ¹¹¹⁸

165 4123 322 4195 predictum
349 4125 492 4195 Rogerum
517 4123 553 4178 de
576 4122 765 4193 Hunringteld
789 4122 923 4178 clericum
945 4141 1027 4179 suurn
1052 4125 1089 4180 ad
1114 4126 1296 4212 predictam
1284 4120 1384 4174 (41(Μῖ

164 4213 312 4267 ecclesiam
325 4223 452 4282 tempore
464 4210 544 4282 pacis
556 4209 603 4283 qui
621 4210 659 4265 ad
675 4209 918 4282 presentacionem
933 4229 1012 4268 suam
1025 4213 1077 4268 ruit
1089 4213 1229 4268 admissus
1242 4225 1270 4270 et
1285 4171 1351 4224 ¹³⁸)

164 4297 308 4354 institutus
320 4308 350 4354 et
365 4298 465 4354 ultimo
481 4297 551 4352 obiit
567 4313 689 4370 persona
704 4297 734 4352 in
750 4298 902 4366 cademot
918 4299 983 4355 ideo
999 4299 1208 4356 consideratum
1226 4311 1270 4358 est

417 4419 427 4451 ²
444 4429 571 4488 quantam,
585 4419 642 4473 MS.
808 4419 819 4452 ¹
835 4427 947 4480 testatur.
960 4421 1017 4474 MS.
