3212 5064
173 375 208 476 1]
456 382 584 456 Grunt
609 381 652 479 by
677 381 789 480 King
812 381 951 479 Henry
978 381 1012 455 l.
1235 402 1283 474 43

173 559 344 630 cotenham,
375 565 411 618 de
446 564 621 630 Lollewrthe,
652 565 689 620 de
721 565 915 636 Trumpitone,
947 565 983 622 de
1013 563 1219 634 Haselingleld,
1250 561 1286 616 de

175 649 342 720 Harletone,
364 651 400 707 de
423 653 616 721 Eueresdone,
637 653 673 707 de
697 653 773 722 Tolt,
794 654 831 707 de
856 653 1018 722 Caldecote,
1040 652 1076 708 de
1104 653 1286 721 Kingestone,

174 736 212 790 de
226 737 375 808 Wynepol¹
395 738 430 793 de
450 739 630 806 Crawedene,
650 738 686 794 de
708 739 830 807 Haltele‚
850 739 886 795 de
908 740 1125 810 Pampeswrtbe,
1144 739 1180 794 de
1201 739 1286 794 Alde·

174 825 283 880 wincle.

231 915 367 970 Concessi
386 917 515 972 similiter
532 915 641 972 eisdem
661 916 813 972 Canonicis
830 917 974 988 quendam
991 918 1085 971 locum
1102 915 1242 972 iacentem
1257 917 1286 970 in
1301 921 1417 1014 {233⁰

177 1003 295 1074 Campis
316 1005 496 1074 Cantebrigie
516 1022 567 1076 pro
587 1005 737 1061 tresdecim
758 1005 832 1060 acris
853 1005 929 1060 circa
951 1005 1041 1061 sontes
1060 1005 1097 1060 de
1116 1004 1288 1059 Bamewelle
1300 1022 1408 1066 annm

174 1105 263 1160 quem
286 1091 426 1148 Henricus
447 1111 495 1149 rex
516 1093 601 1148 michi
624 1093 702 1148 dedit
723 1095 761 1148 ad
783 1095 900 1147 domurn
922 1110 1019 1148 eorum
1041 1093 1241 1148 stabiliendam
1260 1084 1431 1165 etssffith,

175 1177 361 1248 fundandam,
386 1181 423 1236 ad
447 1181 611 1236 habendum
636 1191 663 1236 et
692 1181 847 1236 tenendum
876 1181 904 1234 in
933 1180 1052 1235 liberam
1081 1192 1108 1234 et
1133 1197 1234 1252 puram
1259 1189 1287 1234 et
1301 1171 1442 1266 ffissfi‘.

176 1277 342 1335 perpetuam
363 1268 556 1335 elemosinam,
573 1268 669 1334 libere,
686 1268 790 1338 quiete,
802 1266 919 1336 integre,
932 1283 951 1321 a
967 1283 1071 1337 magna
1087 1268 1183 1337 platea
1198 1283 1288 1337 usque
1436 1255 1442 1276 '

175 1353 206 1408 in
228 1353 358 1410 riueriam
381 1356 417 1411 de
437 1355 627 1425 Cantebrigia,
647 1356 675 1409 in
698 1355 774 1410 sicco
792 1365 820 1410 et
839 1354 869 1408 in
888 1354 1017 1420 marisco,
1036 1355 1192 1410 secundum
1211 1353 1288 1426 quod

176 1441 257 1496 curia
280 1461 378 1499 eorum
402 1444 431 1499 in
456 1447 572 1515 longum
596 1443 763 1512 extenditur,
788 1453 817 1498 et
841 1443 913 1498 sicut
938 1443 1069 1498 dominus
1094 1460 1142 1498 rex
1165 1442 1236 1498 milri
1259 1453 1288 1498 et

176 1528 330 1584 heredibus
349 1531 420 1586 meis
438 1529 516 1586 illurn
535 1531 630 1586 locum
648 1531 733 1585 dedit.

232 1619 367 1674 Concessi
385 1620 514 1676 similiter
529 1619 579 1686 eis,
598 1620 627 1673 in
646 1619 764 1674 liberam
781 1618 976 1686 elemosinam,
993 1633 1081 1672 unam
1099 1615 1197 1672 hidam
1217 1627 1289 1672 terre
1302 1621 1351 1664 ana
1362 1621 1386 1674 ri

178 1703 216 1760 de
228 1705 354 1762 dominio
368 1725 432 1763 meo
445 1708 474 1762 in
488 1709 612 1775 Brunna,
626 1717 654 1763 et
666 1706 815 1762 dimidiam
828 1707 925 1762 hidam
943 1717 1015 1761 terre
1027 1706 1057 1760 in
1072 1707 1188 1760 Brunna
1203 1721 1288 1776 quam
1302 1671 1432 1773 ¹:¹3¹ssae

179 1793 333 1850 Frebertus
347 1796 486 1866 presbiter
503 1796 593 1852 tenuit
608 1806 637 1851 et
649 1813 735 1850 vnam
747 1794 887 1864 virgatam
904 1804 977 1850 terre
993 1809 1079 1864 quam
1096 1792 1234 1848 Radulius
1253 1794 1289 1848 de
1303 1771 1328 1814 ¹¹²
1343 1771 1452 1814 ΝΜ·

179 1879 321 1936 Mordone
340 1882 436 1938 tenuit.

235 1969 285 2040 Hij
298 1981 364 2025 sunt
375 1980 463 2028 testes
476 1982 529 2027 etc.

416 2247 463 2295 12.
508 2230 561 2294 De
580 2230 681 2294 cartis
702 2239 734 2294 et
753 2228 1059 2314 confimacrbnibus.
1302 2243 1387 2307 t13n

246 2425 374 2493 Omnes
394 2429 499 2492 eciam
521 2427 796 2493 confirmaciones
815 2450 881 2512 que
901 2428 1084 2493 necessarie
1105 2438 1199 2492 erant
1217 2439 1286 2492 tam
1301 2431 1429 2524 2¹23&

179 2532 223 2595 de
249 2532 348 2595 rebus
374 2532 602 2616 spiritualibus
632 2554 733 2616 quam
764 2533 807 2598 de
838 2534 1077 2617 temporalibus
1107 2554 1191 2617 quas
1218 2532 1454 2624 ipsellffssffigg,

178 2634 375 2713 contulerat,
391 2646 461 2699 tam
481 2637 524 2700 de
543 2657 676 2700 summo
696 2637 854 2721 pontifice
873 2658 974 2721 quam
996 2637 1039 2702 de
1061 2657 1137 2720 rege
1154 2637 1289 2720 Anglie,
1301 2632 1434 2773 ξζξζζὲζε,

178 2739 428 2824 archiepiscopo
440 2740 681 2819 Cantuariensi,
692 2743 851 2826 episcopo
866 2741 1090 2806 Lincolniensi
1102 2751 1136 2805 et
1150 2741 1287 2823 Elyensi
1302 2744 1373 2776 ’Μ’

178 2842 308 2908 solicite
338 2845 539 2928 impetrauit,
566 2857 600 2911 et
631 2847 712 2930 ipsis
742 2848 910 2911 canonicis
942 2848 984 2911 ad
1012 2856 1208 2930 perpetuam
1237 2846 1287 2909 sui

177 2949 390 3014 securitatem
406 2969 482 3014 curn
500 2971 623 3034 magno
638 2952 747 3016 cordis
763 2951 885 3016 affectu
902 2950 1081 3015 saluandas
1097 2949 1244 3014 tradidit.

355 3239 400 3303 13.
448 3221 550 3288 Carta
566 3221 707 3306 gloriosi
728 3223 815 3306 regis
836 3221 979 3286 Henn'ci
991 3218 1121 3306 primi¹.

235 3406 272 3458 H.
294 3406 354 3459 Rex
373 3357 475 3475 Anglie
496 3407 609 3462 Herueo
630 3407 774 3478 Episcopo
792 3408 828 3461 de
848 3405 919 3478 Ely¹
936 3417 964 3462 et
983 3405 1112 3462 Gilberto
1132 3404 1290 3460 vicecomiti
1305 3409 1372 3462 itinn

179 3504 208 3548 et
232 3493 365 3549 omnihus
391 3495 545 3550 baronibus
569 3495 627 3551 suis
651 3496 755 3550 francis
784 3506 812 3550 et
840 3495 932 3566 anglis
957 3495 993 3550 de
1019 3493 1291 3565 Cantebrlgeschyre
1305 3459 1455 3560 {2222ae

181 3582 309 3637 salutem.
1304 3559 1401 3652 ἓξὲξ
1416 3558 1454 3600 ¹¹¹'

235 3669 337 3724 Sciatis
368 3685 413 3724 me
442 3669 554 3725 dedisse
583 3682 611 3726 et
640 3672 814 3726 concessisse
843 3671 880 3726 ad
909 3688 1007 3742 preces
1038 3670 1144 3740 Pagani
1176 3671 1291 3727 Peuerel
1305 3661 1392 3752 timna
1400 3658 1455 3751 orm

182 3756 335 3810 Canonicis
357 3755 393 3810 de
416 3755 600 3824 cantebrigia
620 3756 714 3811 locum
735 3758 889 3828 quemdam
914 3757 942 3812 in
969 3755 1086 3828 Campis
1111 3755 1292 3825 Cantebrigie
1314 3759 1421 3803 anduno

181 3845 321 3899 iacentem
343 3843 419 3899 circa
440 3845 533 3898 sontes
552 3841 612 3916 [de]
635 3846 806 3901 Bernewelle
823 3863 873 3917 pro
892 3845 1042 3900 tresdecim
1064 3844 1139 3900 acris
1160 3853 1233 3899 terre
1254 3843 1292 3898 ad
1305 3820 1413 3903 ssvrlssu‘

181 3933 298 3987 domurn
306 3949 404 3988 eorum
413 3933 612 3987 stabiliendam
621 3943 648 3988 et
659 3933 809 3988 ecclesiam
818 3951 898 3988 suam
909 3933 1091 3988 fundandam.
1118 3931 1292 3986 Habendum
1306 3910 1414 3953 ΨΜ*

181 4033 210 4076 et
220 4023 374 4077 tenendum
385 4022 412 4075 in
422 4022 540 4076 liberam
549 4032 577 4075 et
587 4031 752 4093 perpetuam
762 4022 946 4078 elemosinam
957 4023 1052 4087 libere,
1062 4021 1165 4092 quiete,
1176 4019 1291 4090 integre,

181 4107 210 4160 in
240 4105 316 4160 sicco
345 4115 373 4160 et
402 4105 532 4174 marisco,
555 4122 572 4160 a
596 4107 690 4176 platea
713 4123 803 4177 usque
828 4105 856 4160 in
882 4105 1013 4161 riueriam
1039 4105 1074 4160 de
1100 4102 1291 4172 Cantebrigia,

182 4193 339 4249 secundum
357 4195 433 4266 quod
452 4194 530 4249 curia
548 4210 645 4248 eorum
664 4193 692 4248 in
711 4195 825 4264 longum
845 4193 1012 4249 extenditur.

399 4337 409 4370 ²
427 4339 496 4405 King
507 4339 536 4390 ol
546 4339 671 4404 England,
686 4351 699 4402 5
712 4340 779 4404 Aug.
795 4355 903 4390 troo-r
920 4341 982 4390 Dec.
998 4351 1067 4402 ¹¹35·

399 4419 411 4452 ¹
427 4423 467 4487 Bp
477 4421 507 4471 ol
517 4422 573 4487 Ely,
588 4437 746 4488 troo-1131
762 4421 797 4486 (d.
811 4421 944 4487 gahugd.
