3192 5102
150 377 206 476 IV]
430 378 491 452 the
516 380 660 453 sez'zure
683 379 733 476 os
750 380 811 452 tle
836 379 981 476 Prz‘ory
1186 404 1202 452 2
1209 403 1229 473 3
1234 403 1254 472 3

147 566 260 630 nensis
285 567 462 650 episcopus
487 576 567 631 tunc
597 567 726 634 domini
753 567 840 649 regis
870 567 1095 644 thesaurarius
1126 565 1254 631 nullum

147 681 335 754 respectum
352 670 459 735 iacere
475 671 591 735 uolens
612 672 772 756 episcopo
789 672 927 754 Elyensi
944 683 978 736 at
995 683 1163 749 terrorem,
1179 671 1256 735 lecit

147 776 252 839 saisiri
269 777 302 839 in
319 796 438 840 manus
455 776 559 859 Regis
574 786 684 840 totum
701 777 884 858 prioratum
901 779 944 840 de
962 774 1162 840 Bemewelle
1178 795 1254 839 curn

147 879 304 944 omnibus
319 879 362 944 ad
385 901 461 944 eum
483 881 736 964 pertinentibus
781 880 880 944 Vnde
901 881 1057 944 dominus
1078 881 1255 962 episcopus

149 982 314 1066 Elyensis,
329 984 421 1049 tedio
443 985 591 1061 affectus,
607 985 698 1049 misit
718 985 896 1067 pecuniam
920 986 962 1048 ad
979 985 1180 1048 scaccarium
1197 1005 1256 1067 per

148 1107 285 1152 manum
319 1087 447 1153 domini
478 1088 642 1170 Johannis
671 1089 834 1172 capellani
866 1088 915 1152 sui
947 1098 1026 1152 tunc
1056 1090 1183 1153 vicarii¹
1213 1087 1256 1151 de

148 1193 366 1280 Tyringtone‚
406 1205 443 1260 vt
480 1195 635 1259 liberaret
671 1195 818 1277 seipsum
858 1196 969 1278 quoad
1009 1193 1184 1271 decimam,
1221 1203 1256 1258 et

147 1297 322 1364 dominum
366 1299 550 1364 Robertum
588 1297 631 1362 de
671 1299 844 1363 Hokitone
882 1298 1079 1362 canonicum
1117 1319 1178 1382 pro
1214 1319 1255 1362 eo

147 1416 339 1482 arestatum,
355 1416 388 1469 et
405 1405 586 1486 prioratum
603 1403 645 1468 de
663 1403 865 1468 Bernewelle
879 1403 922 1466 ad
941 1423 1059 1467 manus
1077 1403 1179 1486 Regis
1195 1425 1255 1486 pro

147 1529 209 1572 suo
249 1509 380 1574 delectu
426 1510 598 1590 saysitum.
659 1509 705 1573 Et
743 1518 823 1572 tunc
861 1507 969 1592 primo
1007 1507 1124 1572 habuit
1163 1509 1256 1570 Prior

147 1615 412 1698 acquietanciam
434 1615 476 1678 de
497 1616 664 1679 scaccario
687 1637 746 1697 per
767 1616 912 1679 litteram
934 1623 1107 1697 patentem
1126 1615 1254 1677 domini

150 1719 252 1800 Regis
268 1718 378 1801 sigillo
395 1719 490 1783 uiridi
511 1719 688 1802 signatam,
711 1719 743 1782 in
766 1719 872 1783 forma
893 1719 1044 1801 superius
1061 1718 1198 1801 scripta²
1213 1719 1255 1781 de

149 1823 251 1887 uerbo
280 1824 322 1887 ad
351 1823 499 1889 uerbum.
546 1825 666 1889 Postea
696 1825 817 1907 petiuit
847 1824 1024 1907 episcopus
1057 1824 1211 1906 Elyensis
1235 1847 1255 1887 a

150 1926 261 1991 Priore
305 1939 339 1992 et
383 1938 550 1992 conuentu
589 1928 631 1992 de
677 1927 888 2005 Bernewelle,
926 1939 1088 2011 tanquam
1126 1930 1255 1993 decime

148 2032 388 2108 collectoribus
420 2032 547 2097 litteras
578 2033 805 2114 acquietancie
834 2032 897 2096 sub
919 2031 1028 2115 sigillo
1051 2033 1187 2116 capituli
1213 2034 1255 2097 de

148 2139 318 2202 sexcentis
339 2139 438 2202 libris.
485 2140 530 2203 Et
553 2139 708 2220 quamuis
730 2139 875 2221 sigillum
897 2137 1033 2222 capituli
1049 2138 1092 2202 ad
1113 2138 1253 2201 aliorum

147 2243 353 2307 soluencium
392 2243 638 2326 acquietancias
668 2243 793 2325 apponi
832 2263 899 2306 non
937 2241 1030 2318 solet,
1061 2263 1103 2305 ne
1140 2253 1253 2307 tamen
1268 2257 1285 2306 s.
1298 2257 1352 2322 891>

147 2347 372 2412 offenderetur
398 2347 575 2431 episcopus
601 2346 688 2411 lacta
712 2346 775 2410 luit
798 2347 827 2410 ei
851 2347 1082 2430 acquietancie
1105 2345 1168 2410 sub
1191 2346 1254 2409 hac

147 2451 263 2517 forma.

286 2704 337 2768 47.
382 2686 612 2770 Acquietancia
625 2687 721 2767 sacta
743 2684 873 2749 &mino
894 2686 1030 2770 episcopo
1051 2688 1111 2752 sub

559 2792 668 2876 sigillo
693 2791 844 2874 Capituli.

202 2940 341 2996 Nouerint
353 2939 476 2996 uniuersi
489 2939 565 3010 quod
578 2957 630 2994 nos
644 2941 751 3008 Symon
767 2940 845 2995 Prior
854 2939 890 2994 de
904 2941 1074 2996 Bernewelle
1086 2951 1113 2996 et
1126 2942 1252 2996 eiusdem
1269 2953 1341 2993 roem
1356 2951 1383 2993 or

146 3030 200 3084 loci
214 3039 370 3085 conuentus
383 3029 540 3100 recepimus
553 3045 571 3082 a
584 3027 736 3084 uenerabili
750 3037 830 3098 patre
843 3039 940 3083 nostro
957 3030 1073 3084 domino
1086 3028 1254 3102 W[illelmo]
1266 3001 1409 3103 ieclffl'm

146 3119 193 3174 dei
206 3117 302 3189 gracia
315 3117 448 3188 episcopo
459 3119 583 3187 Elyensi‚
595 3117 708 3170 nomine
722 3117 831 3173 decime
841 3119 979 3172 bonorum
989 3135 1102 3173 suorum
1113 3130 1251 3191 tempora·
1266 3109 1361 3204 {2222ss
1374 3102 1416 3144 '¹¹‘

146 3208 214 3260 lium
233 3206 268 3260 ad
287 3204 482 3277 episcopatum
498 3222 579 3259 suurn
596 3203 799 3274 pertinencium
824 3203 941 3259 domino
962 3205 1032 3275 Regi
1050 3207 1077 3261 in
1096 3207 1252 3263 subsidium
1264 3203 1363 3304 2³¹¹·

147 3307 220 3350 terre
233 3303 329 3348 sancte
346 3294 384 3348 ad
401 3310 449 3348 sex
466 3309 557 3348 annos
574 3307 718 3356 concesse,
731 3303 879 3346 sexcentas
892 3292 978 3348 libras
991 3294 1187 3364 sterlingorum
1201 3315 1252 3368 pro

146 3382 235 3437 tribus
253 3381 351 3452 primis
368 3383 451 3438 annis
470 3383 594 3452 integris,
614 3379 744 3436 videlicet
762 3399 814 3452 per
830 3397 933 3436 manus
951 3383 1059 3437 domini
1080 3383 1196 3440 Galsridi
1217 3388 1253 3442 de

148 3473 291 3542 Sybeseye
310 3471 456 3542 sexaginta
472 3470 630 3528 octodecim
643 3470 738 3538 libras,
752 3480 808 3526 tres
821 3471 927 3526 solidus
940 3473 1064 3543 quinque
1081 3474 1212 3530 denarios
1225 3487 1253 3531 et

146 3562 269 3628 obolum,
294 3571 322 3614 et
347 3577 396 3630 per
422 3575 522 3614 manus
551 3559 660 3614 domini
688 3555 827 3630 Johannis
856 3558 995 3629 capellani
1025 3561 1067 3614 sui
1096 3562 1191 3634 vicarij
1217 3564 1253 3618 de

147 3649 321 3720 Tyringtone
345 3647 514 3718 quingentas
538 3646 636 3717 viginti
666 3665 751 3702 vnam
782 3646 869 3701 libras
898 3647 1040 3703 sexdecim
1069 3651 1175 3706 solidos
1204 3669 1253 3707 sex

147 3739 277 3793 denarios
301 3749 329 3793 et
354 3753 440 3790 vnum
468 3737 590 3790 obolum.
641 3737 735 3804 Quam
762 3735 877 3804 quidem
902 3735 1052 3806 pecuniam
1081 3737 1254 3808 integraliter

147 3825 331 3896 persoluimus
349 3825 387 3879 ad
402 3825 575 3879 scaccarium
590 3823 697 3878 domini
717 3823 804 3892 Regis
820 3822 947 3892 predicto
965 3823 1081 3880 domino
1100 3823 1254 3898 J[ohanne]

146 3914 294 3984 capellano
312 3922 378 3967 tunc
396 3911 501 3967 ibidem
518 3921 658 3982 presente,
670 3921 699 3966 et
716 3911 832 3966 nomine
848 3911 957 3966 domini
972 3912 1015 3967 sui
1033 3913 1158 3984 episcopi
1171 3915 1252 3970 liber·

146 4002 274 4058 acionem
289 4011 414 4054 nostram
426 3998 564 4055 instanter
575 4009 751 4070 procurante

202 4089 234 4142 ln
248 4086 327 4142 cuius
340 4085 379 4142 rei
393 4085 585 4142 testimonium
598 4085 722 4157 presenti
735 4085 840 4156 scripto
852 4084 975 4156 sigillum
988 4087 1102 4158 capituli
1113 4088 1198 4143 nostri
1209 4101 1253 4146 est

146 4190 310 4246 appensum.
350 4173 456 4227 Datum
469 4173 497 4228 in
511 4173 634 4244 capitulo
647 4183 744 4228 nostru
756 4173 792 4228 de
808 4174 977 4228 Bernewelle
990 4175 1036 4229 die
1050 4176 1168 4231 Sabbati
1181 4176 1253 4232 inira

146 4264 263 4318 octabas
275 4261 481 4332 assumpcionis
494 4261 577 4317 beate
596 4261 695 4330 Maris,
709 4278 784 4316 anno
797 4261 905 4316 domini
922 4272 979 4316 .m⁰.
993 4271 1054 4318 .cc⁰.
1068 4265 1253 4335 nonogesimo

146 4361 255 4422 quarto.

309 4463 317 4495 ¹
335 4463 448 4522 vicarius.
462 4465 520 4516 MS.
734 4463 746 4494 '³
762 4465 810 4516 See
821 4465 910 4522 above.
924 4465 1035 4530 Chapter
1047 4485 1086 4529 44.
