3188 5078
102 385 183 488 vn]
418 389 456 463 T
451 398 581 466 enants
606 388 647 463 in
683 389 920 488 Wggenlzall
1147 405 1216 481 317

103 574 276 658 Johannis
298 574 330 640 le
353 574 493 659 Draper,
518 575 682 658 Stephani
704 576 747 640 de
774 575 991 652 Newenham‚
1016 575 1153 639 Henrici
1177 576 1220 639 de

105 678 303 758 Wodhulle,
327 679 487 763 Symonis
514 682 546 745 le
570 680 757 759 Marchant‚
781 679 922 745 Roberti
948 680 979 743 le
1005 677 1220 757 Chaunceler‚

105 784 276 867 Johannis
306 784 336 848 le
365 783 581 870 Charpenter,
612 784 745 849 Thome
775 785 807 848 le
837 785 976 868 Draper,
1006 785 1146 849 Walteri
1177 785 1221 848 de

108 889 209 955 Dale.
267 891 387 955 Postea
417 893 510 956 venit
547 889 721 976 Philippus
751 891 794 954 de
828 890 1041 974 Scyrebume
1077 899 1111 954 et
1143 889 1220 953 iecit

110 993 218 1056 Priori
236 993 378 1076 Symoni
395 993 602 1070 fidelitatem,
618 1003 652 1058 et
673 993 783 1058 reddit
803 1014 863 1078 per
882 1013 1007 1058 annum
1025 995 1079 1058 ix.
1095 993 1220 1056 solidos

106 1106 144 1162 et
163 1096 239 1179 ‚viij.
261 1097 425 1176 denarios,
443 1107 479 1162 et
499 1098 578 1162 inde
598 1097 677 1161 fecit
698 1097 858 1180 scripturn
881 1117 1006 1161 nouum
1028 1097 1138 1179 sigillo
1160 1117 1221 1160 suo

108 1202 293 1285 signatum.
319 1203 407 1268 rSed
435 1205 536 1268 ceteri
561 1212 716 1267 tenentes
742 1203 878 1267 soluunt
905 1212 1014 1268 totum
1043 1200 1220 1276 residuum,

109 1307 240 1373 scilicet
256 1307 377 1391 singuli
393 1328 455 1390 pro
470 1309 627 1392 porcione
641 1328 744 1392 quam
760 1317 878 1374 tenent
893 1309 936 1372 de
952 1308 1071 1372 eodem
1088 1306 1194 1371 feodo.

368 1661 417 1728 27.
463 1645 680 1731 [Wygenhah
700 1647 971 1731 (ngenhalffl

181 1806 240 1888 Hij
271 1814 350 1871 sunt
380 1816 533 1874 tenentes
564 1807 685 1870 Prioris
712 1781 755 1871 de
781 1807 986 1875 Bemewelle
1012 1809 1045 1872 in
1072 1807 1151 1872 villa
1177 1809 1221 1872 de

111 1910 343 1996 Wygenhale:

179 2040 298 2106 Abbas
327 2041 371 2106 de
399 2042 547 2106 Derham
574 2044 677 2107 debet
705 2063 916 2128 perannum
943 2065 1038 2109 ‚xxm
1065 2045 1220 2110 denarios

111 2165 174 2229 pro
189 2147 361 2210 sexdecim
378 2149 462 2211 acris
477 2156 563 2212 terre
578 2169 663 2232 quas
678 2157 770 2213 tenet
786 2149 819 2213 in
837 2148 994 2231 Heydole
1010 2170 1075 2232 que
1087 2148 1220 2213 suerunt

112 2251 285 2335 quondam
309 2252 447 2317 Andree
476 2252 640 2337 HerneyS,
663 2264 698 2317 et
725 2253 914 2317 willelmus
944 2253 1092 2318 Howard
1119 2253 1219 2318 debet

111 2355 163 2437 .vj.
180 2354 335 2420 denarios
356 2377 417 2440 pro
438 2359 611 2440 mesuagio
632 2358 780 2422 eiusdem
804 2357 892 2420 feodi
914 2366 948 2421 et
969 2357 1164 2440 homagium
1186 2367 1220 2420 et

112 2461 300 2544 scutagium
317 2481 394 2525 curn
410 2463 566 2526 euenerit.

182 2566 268 2630 Item
292 2567 456 2630 Katerina
469 2565 538 2630 filia
555 2565 654 2630 Alani
674 2567 717 2631 de
737 2567 873 2632 Fittone
893 2566 995 2631 debet
1015 2587 1075 2650 per
1093 2585 1218 2630 annum

111 2691 152 2735 .v.
174 2670 328 2734 denarios
352 2691 412 2755 pro
434 2682 522 2736 terra
540 2670 626 2735 vltra
647 2690 770 2755 aquam
790 2693 857 2755 que
875 2671 961 2735 iacet
982 2673 1079 2734 iuxta
1097 2681 1218 2735 terram

112 2775 276 2860 Johannis
293 2775 478 2841 Herebron.

182 2880 267 2944 Item
292 2882 458 2946 Henricus
483 2880 676 2964 capellanus
697 2881 798 2946 debet
820 2881 848 2963 .j.
871 2881 1046 2945 denarium
1068 2901 1129 2964 pro
1153 2884 1250 2944 vnof·
1268 2899 1312 2949 ¹⁷7

114 2985 286 3068 mesuagio
302 2987 398 3049 iuxta
414 2984 600 3068 predictam
616 2995 739 3048 terram
755 2984 926 3049 Katerine.
1195 3059 1198 3066 Ι

182 3087 267 3152 item
291 3088 463 3172 Johannes
492 3088 691 3153 Herebrond
714 3089 817 3154 debet
841 3109 901 3173 per
921 3108 1046 3153 annum
1073 3087 1137 3171 .vij.
1164 3089 1221 3153 de·

115 3193 224 3256 narius
247 3215 308 3276 pro
329 3214 396 3258 vno
417 3194 590 3276 mesuagio
613 3194 710 3258 iuxta
734 3195 943 3277 mesuagium
965 3193 1079 3276 vicarij
1104 3192 1220 3259 Sancti

116 3296 281 3362 Germani.

181 3402 267 3466 Item
290 3402 431 3468 vicarius
459 3402 575 3468 Sancti
600 3403 758 3470 Germani
786 3403 887 3468 debet
911 3403 939 3486 .j.
963 3403 1136 3469 denarium
1162 3425 1221 3489 per

116 3527 239 3573 annum
256 3527 316 3590 pro
331 3507 505 3592 mesuagio
520 3529 582 3572 suo
598 3510 695 3573 iuxta
711 3509 895 3573 ecclesiam.

182 3610 267 3676 Item
285 3611 449 3676 Katerina
465 3609 638 3676 Germund
656 3610 766 3675 reddit
777 3632 838 3694 per
849 3631 974 3675 annum
987 3612 1055 3695 ‚xij.
1067 3613 1222 3678 denarios

117 3737 174 3801 pro
189 3726 278 3782 terra
293 3735 359 3798 que
373 3724 425 3780 est
440 3715 483 3780 de
499 3714 598 3780 feodo
615 3714 736 3779 Prioris
752 3718 795 3781 de
811 3715 1006 3782 Westacre¹.

181 3821 265 3885 Item
289 3820 408 3884 eadem
430 3820 595 3885 Katerina
618 3820 728 3886 reddit
751 3841 958 3904 perannum
982 3823 1036 3904 .iij.
1057 3824 1222 3897 denarios,

116 3934 149 3990 et
161 3925 333 4008 Johannes
349 3921 521 3988 Germund
538 3924 639 3989 irater
660 3925 731 3988 eius
752 3924 864 3989 reddit
885 3925 969 3989 alios
991 3925 1045 4008 iij.
1066 3927 1222 3990 denarios

116 4048 176 4114 pro
189 4038 277 4094 terra
291 4048 358 4110 que
374 4026 470 4093 Chun
487 4029 530 4092 de
547 4027 756 4092 Marhamt..

182 4131 267 4196 ltem
290 4132 461 4214 Johannes
485 4132 616 4217 Kewyn
640 4133 749 4198 reddit
772 4153 980 4217 perannum
1002 4135 1138 4198 obolum
1162 4156 1222 4218 pro

118 4249 201 4302 terra
216 4256 317 4318 quam
335 4235 523 4300 Willeimus
543 4237 689 4301 Howard
708 4237 810 4301 modo
826 4247 927 4302 tenet.

375 4383 383 4415 ¹
402 4385 471 4434 West
484 4401 550 4442 acra,
564 4387 636 4442 MS.;
655 4384 699 4434 but
710 4401 752 4434 see
765 4401 788 4450 p.
805 4387 861 4450 318.

376 4465 387 4496 ²
404 4465 459 4516 The
471 4467 522 4517 line
534 4468 596 4518 ends
607 4467 725 4534 abruptly
737 4467 797 4519 with
809 4469 858 4518 this
870 4469 950 4518 word.
