3212 5064
153 346 189 449 1]
396 351 457 447 Of
475 349 536 425 tlte
563 350 703 425 Prz'ors
726 349 807 423 and
829 349 932 423 their
957 357 1033 422 acts
1220 365 1266 440 73

364 611 413 680 5ο.
459 597 512 664 De
533 597 675 680 Symone
696 596 815 662 Priore
836 596 876 662 de
895 594 1073 664 Assceltzkt

226 771 390 855 Magister
414 772 543 855 Symon
568 772 611 836 de
634 769 793 835 Asscellis
814 770 972 835 successit
997 769 1037 842 ei,
1060 767 1110 832 vir
1133 766 1267 850 quidem
1283 773 1424 867 {mm

157 893 283 958 magne
313 873 507 958 eloquencie
536 883 570 939 et
600 873 779 937 eminentis
809 871 1001 937 litterature.
1057 871 1148 934 Dum
1179 869 1266 933 enim
1282 874 1397 968 fflglf·

157 989 232 1043 erat
262 979 294 1042 in
326 979 442 1043 habitu
473 979 621 1056 seculari,
652 978 808 1042 nobiliter
838 978 926 1042 rexit
957 978 990 1042 in
1021 976 1148 1041 artibus
1178 975 1266 1058 apud
1282 976 1420 1068 {3233255

158 1081 344 1158 Oxoniam‚
359 1090 393 1144 et
414 1101 569 1164 processu
590 1082 751 1165 temporis
772 1081 878 1146 lactus
900 1081 1086 1146 iurisciuilis
1105 1078 1270 1162 professor
1284 1087 1341 1129 ¹²⁹7·

157 1188 250 1271 apud
273 1185 531 1270 Cantebrigiam.
577 1187 745 1270 Tempore
768 1183 949 1248 Rostandi'
964 1194 1035 1248 erat
1055 1183 1269 1266 negociorum

156 1289 267 1353 crucis
294 1287 417 1355 Christi
444 1299 614 1364 executor,
636 1298 679 1364 et,
702 1296 843 1352 vacante
865 1289 954 1366 sede,
976 1309 1020 1352 ex
1046 1298 1141 1371 parte
1166 1286 1270 1369 Regis

158 1405 274 1460 custos
300 1395 620 1478 Archiepiscopatus
648 1393 878 1469 Eboracensis,
905 1402 940 1459 et
966 1393 1053 1459 inter
1082 1396 1174 1479 regni
1204 1393 1270 1478 pri-

159 1508 270 1563 mates
293 1499 446 1582 cognitus
473 1508 507 1563 et
533 1499 724 1562 honoratus.
772 1497 866 1562 ldem
891 1499 1050 1580 magister
1073 1497 1202 1581 Symon
1227 1497 1270 1561 de

160 1602 315 1678 Ascellis‚
328 1611 365 1666 ut
381 1601 502 1666 lorcior
517 1600 611 1666 fieret
626 1599 819 1665 infirmitate
835 1599 948 1665 ualida
963 1611 1142 1685 correptus
1153 1600 1269 1664 habitu
1283 1600 1302 1650 f·
1316 1601 1371 1664 ἐδ

158 1707 397 1771 canonicorum
422 1706 622 1790 regularium
645 1716 697 1771 est
717 1706 868 1781 uestitus,
883 1715 917 1770 et
937 1704 980 1769 de
1003 1703 1190 1788 egritudine
1212 1725 1273 1788 per

159 1813 217 1876 dei
243 1812 390 1896 graciam
416 1812 663 1890 conualescens,
688 1811 798 1877 adhuc
824 1812 960 1894 quidem
983 1813 1142 1890 nouicius,
1166 1811 1271 1876 estin

159 1917 273 1993 choro,
302 1916 451 2000 capitulo
485 1926 520 1980 et
556 1915 739 1992 refectorio,
771 1938 815 1980 ex
846 1925 941 1998 parte
971 1917 1161 2000 subprioris,
1188 1917 1273 1981 inter

160 2023 308 2086 seniores
331 2032 430 2105 prout
452 2022 565 2086 decuit
589 2031 777 2086 reuerenter
799 2021 996 2088 installatus.
1043 2023 1175 2088 Deinde
1198 2044 1272 2107 pro

161 2125 268 2190 lessus
283 2136 316 2191 et
329 2125 492 2210 presbiter
503 2125 685 2202 ordinatus,
698 2125 746 2188 ita
759 2124 937 2203 humiliter,
950 2135 1087 2203 mature,
1099 2125 1273 2204 socialiter,

160 2238 197 2293 et
220 2229 342 2293 deuote
365 2229 399 2291 in
423 2228 579 2293 omnibus
602 2228 749 2292 motibus
772 2229 840 2292 suis
862 2247 898 2292 se
921 2227 1076 2305 habebat,
1092 2229 1182 2313 quod
1206 2248 1271 2293 non

161 2343 296 2399 tantum
324 2333 471 2417 prelatus
501 2344 535 2398 et
564 2334 720 2410 seniores,
744 2333 803 2398 sed
830 2334 936 2398 eciam
962 2335 1103 2418 quilibet
1126 2335 1170 2400 de
1195 2356 1273 2400 con-

163 2446 270 2501 uentu
286 2437 328 2502 de
344 2438 415 2501 eius
431 2437 689 2500 conuersacione
704 2436 885 2518 gaudebat.
933 2438 1013 2520 Ipso
1025 2440 1162 2523 quidem
1178 2441 1225 2505 sic
1237 2459 1273 2504 se

160 2553 309 2626 gerente,
327 2552 362 2607 et
382 2543 522 2607 domino
541 2542 664 2624 Jolano
685 2542 835 2619 cedente,
851 2543 977 2606 electus
998 2554 1049 2609 est
1069 2545 1102 2608 in
1126 2546 1272 2611 Priorem

161 2647 334 2710 communi
365 2645 516 2709 omnium
548 2643 730 2709 uoluntate.
788 2643 977 2727 Episcopus
1008 2666 1087 2710 uero
1118 2646 1274 2730 Elyensis
1382 2677 1385 2682 ·

160 2753 252 2816 bone
268 2751 428 2815 memorie
447 2750 551 2834 Hugo
566 2752 609 2814 de
622 2749 824 2824 Balesham⁸,
836 2751 930 2814 cuius
942 2760 1022 2815 tunc
1034 2761 1104 2816 erat
1116 2751 1274 2830 officialis,

165 2857 311 2920 eundem
336 2855 534 2939 magistrum
560 2853 746 2937 Symonem
769 2874 845 2917 cum
869 2855 993 2938 gaudio
1015 2857 1170 2940 suscepit,
1185 2866 1220 2922 et
1240 2859 1273 2920 in

162 2959 310 3023 Priorem
342 2957 534 3040 monasterij
563 2958 606 3020 de
633 2957 835 3020 Bemewelle
864 2958 1130 3042 gratulabundus
1156 2960 1272 3025 confir-

163 3063 280 3128 mauit
325 3063 371 3127 Et
402 3063 576 3127 sciendum
607 3063 697 3145 quod
727 3062 839 3126 dictus
870 3065 1028 3147 magister
1059 3064 1189 3148 Symon
1219 3068 1274 3131 dic

162 3168 395 3234 translacionis
418 3168 525 3232 sancti
548 3167 746 3250 Augustini*
767 3169 919 3232 canonici
943 3169 1096 3234 habitum
1119 3172 1274 3256 suscepit,

162 3281 198 3336 et
214 3271 332 3335 eodem
349 3269 412 3348 die,
424 3270 541 3334 decem
556 3269 654 3332 annis
669 3267 822 3345 euolutis,
834 3269 960 3333 electus
974 3279 1026 3333 est
1043 3270 1075 3333 in
1094 3273 1274 3351 Pastorem,

162 3385 199 3441 et
228 3373 414 3438 installatus
440 3372 496 3437 die
521 3373 628 3436 sancti
654 3371 746 3436 Luce
772 3372 993 3456 euangeliste⁶
1015 3395 1075 3456 per
1100 3375 1274 3442 dominum

163 3479 438 3546 archidiaconum
464 3477 655 3560 Elyensem.

232 3585 316 3670 [Iste
331 3586 421 3669 prior
436 3583 567 3666 Symon
584 3583 727 3647 multum
743 3583 829 3647 inter
844 3583 979 3648 clericos
994 3583 1177 3650 honoratus
1193 3587 1275 3666 suit;
1289 3585 1406 3677 §ggffl’

164 3703 268 3776 atque
299 3691 331 3754 in
363 3688 511 3772 capitulo
540 3689 686 3772 generali
718 3687 907 3772 frequenter
936 3691 1131 3773 predicauit,
1154 3703 1189 3756 et
1213 3693 1275 3757 sre-
1289 3685 1364 3777 ἓξὲξ
1382 3735 1430 3776 fi„

163 3805 307 3882 quenter
327 3815 413 3859 unus
428 3794 673 3878 presidencium
694 3795 820 3859 electus
841 3795 910 3860 suit
959 3795 998 3861 ln
1021 3797 1173 3862 Prioratu
1197 3819 1275 3863 uero
1290 3785 1326 3827 ‘⁰‘
1358 3797 1439 3836 '⁸⁸¹⁸'

1289 3847 1314 3887 ²⁴
1337 3847 1395 3885 une,

216 3931 226 3965 ¹
244 3933 275 3982 In
287 3932 370 3996 Chap.
383 3931 414 3981 26
426 3930 476 3980 this
488 3930 556 3980 word
568 3932 588 3980 is
599 3931 664 3996 spelt
676 3931 793 3982 Aschele.
1290 3895 1347 3937 'm'

215 4009 227 4042 ²
244 4013 366 4072 Rustand,
377 4027 393 4060 a
404 4011 513 4071 Gasoon,
525 4025 576 4058 was
587 4017 642 4060 sent
653 4027 681 4060 as
692 4011 773 4076 legate
784 4021 811 4061 to
825 4011 941 4077 England
953 4013 986 4077 by
996 4013 1065 4080 Pope
1077 4013 1221 4064 Alexander
1229 4014 1276 4063 IV.

163 4099 192 4148 ln
208 4107 280 4158 1255,
292 4095 353 4145 with
364 4093 500 4144 directions
515 4101 542 4143 to
557 4093 659 4144 absolve
671 4093 714 4144 the
729 4094 798 4160 King
808 4093 872 4144 from
884 4093 923 4144 his
934 4096 1066 4161 crusading
1077 4113 1141 4158 vow,
1155 4096 1276 4162 provided

163 4179 198 4229 be
207 4176 292 4227 would
303 4175 389 4225 march
397 4174 458 4224 with
469 4190 502 4223 an
514 4189 584 4239 army
592 4173 647 4224 into
655 4175 751 4240 Apulia
761 4175 858 4240 against
871 4176 995 4236 Manlred,
1006 4191 1052 4226 son
1063 4176 1092 4226 ol
1100 4176 1142 4226 the
1154 4177 1277 4242 Emperor

164 4259 303 4312 Frederlck
316 4258 353 4308 11.
389 4257 480 4308 Matth.
497 4257 574 4316 Paris,
589 4257 713 4308 Chronica
724 4259 827 4322 Majora
840 4257 922 4322 (Rolls
934 4259 1000 4319 Ser.)
1013 4271 1040 4308 v.
1054 4273 1109 4323 5¹9·

214 4341 226 4373 ²
243 4343 292 4394 See
303 4343 392 4401 above,
407 4341 488 4404 Chap.
501 4356 540 4405 49,
556 4347 616 4390 note.

214 4427 227 4458 ⁴
242 4425 259 4476 6
271 4425 427 4490 September.
695 4423 707 4456 ⁸
725 4425 755 4474 18
767 4423 887 4475 October.
