3222 5086
340 328 406 379 112
536 305 659 406 Rz’ght
683 307 731 404 eff
740 307 999 406 presentolz'on
1022 315 1059 382 to
1084 305 1221 380 churclr
1321 304 1443 405 [soors

741 623 790 671 20.
835 604 1038 669 Inrotuhzcio.

167 770 285 814 theuso
295 769 318 814 ts
388 761 496 827 Assysa
509 759 585 815 venit
597 758 776 828 recognitura
788 757 851 830 quis
869 759 1025 813 aduocatos
1038 768 1165 829 tempore
1178 757 1256 828 pacis
1269 755 1443 828 presentauit

168 819 321 914 ffifflffssi'
335 845 463 902 ultimam
485 863 636 918 personam
661 865 717 918 que
745 856 857 902 mortua
884 857 928 902 est
958 846 995 901 ad
1023 847 1174 902 ecclesiam
1202 846 1238 902 de
1264 848 1389 916 Ryrtone
1412 846 1443 901 in

168 921 293 1023 fflffi
336 931 498 988 Kesteuene
511 949 567 1004 que
579 941 662 987 vacat
679 942 730 988 etc.
744 943 772 989 et
789 932 868 988 cuius
885 933 1107 988 aduocacionem
1127 933 1206 988 Prior
1222 932 1259 988 de
1272 933 1443 989 Bernewelle

167 1022 210 1065 ure
219 1022 285 1065 weit.
334 1019 438 1076 clamat
451 1017 573 1092 [versus]
587 1019 744 1075 Robertum
756 1019 793 1076 de
807 1021 1013 1076 Brakenberwe
1025 1030 1053 1076 et
1066 1021 1140 1077 vnde
1152 1020 1221 1077 dicit
1233 1020 1310 1091 quod
1323 1020 1442 1092 ipsemet

333 1117 459 1180 ternpore
488 1108 567 1178 pacis
596 1118 723 1178 tempore
752 1108 862 1164 domini
888 1106 1031 1182 H[enrici]
1055 1110 1130 1180 regis
1155 1110 1243 1181 patris
1268 1110 1342 1180 regis
1366 1127 1443 1164 nunc

331 1196 504 1269 presentauit
526 1196 670 1268 quendam
693 1198 835 1267 Rogerum
857 1198 892 1253 de
916 1198 1123 1268 Rauelingbam
1145 1197 1278 1254 clericum
1301 1215 1383 1253 suum
1404 1198 1443 1254 ad

332 1287 453 1342 eandem
475 1285 626 1342 ecclesiam
647 1285 695 1356 qui
717 1286 754 1341 ad
775 1286 1021 1357 presentationem
1043 1302 1123 1342 suam
1145 1285 1235 1341 iuerat
1254 1285 1395 1341 admissus
1413 1295 1443 1344 et

332 1375 477 1430 institutus
489 1375 519 1429 in
532 1374 652 1430 eandem
670 1391 720 1444 per
737 1374 817 1429 cuius
834 1385 955 1430 mortem
966 1375 1096 1446 predicta
1108 1373 1229 1430 ecclesia
1240 1375 1327 1431 modo
1339 1385 1422 1432 uacat
1435 1394 1443 1441 ς

332 1473 360 1519 et
387 1464 528 1519 Robertus
552 1479 603 1534 per
627 1471 800 1517 attomatum
826 1481 907 1518 suum
929 1463 1006 1518 venit
1030 1472 1059 1520 et
1083 1463 1153 1519 dicit
1177 1463 1254 1534 quod
1279 1461 1341 1533 ipse
1364 1471 1443 1520 tenet

332 1553 490 1609 manerium
509 1551 545 1608 de
565 1553 690 1623 Byrtone
707 1552 745 1607 ad
763 1553 839 1622 quod
861 1551 1017 1608 aduocacio
1037 1552 1155 1608 ecclesie
1177 1550 1305 1622 predicte
1321 1551 1443 1622 pertinet

332 1641 504 1698 coniunctim
518 1659 583 1697 cum
596 1641 721 1714 quodam
734 1642 871 1712 magistro
882 1640 1034 1712 Radulpho
1046 1640 1104 1696 lilio
1118 1639 1235 1696 Roberti
1248 1639 1285 1695 de
1298 1639 1441 1708 Wylrham

332 1730 534 1786 archidiacono
561 1729 708 1796 Bathonie‚
734 1747 785 1802 per
808 1729 1020 1786 ieoli'amentum
1049 1729 1198 1784 cuiusdam
1229 1727 1361 1798 Hugonis
1391 1727 1442 1782 tilii

332 1818 471 1885 Othonis;
490 1817 538 1890 qui
551 1817 668 1889 quidam
683 1817 851 1888 Radulphus
865 1833 921 1872 non
939 1817 1101 1872 nominatus
1117 1817 1147 1872 in
1164 1815 1252 1883 breui,
1265 1826 1293 1871 et
1312 1815 1373 1870 sine
1385 1831 1442 1888 quo

332 1923 389 1962 non
400 1916 494 1978 potest
507 1904 574 1960 inde
586 1906 758 1977 respondere
770 1915 797 1960 et
810 1905 954 1977 predictus
968 1907 1048 1961 Prior
1059 1923 1116 1961 non
1129 1915 1222 1976 potest
1234 1905 1289 1960 hoc
1301 1903 1441 1960 dedicere

333 1995 403 2050 Ideo
421 1995 565 2066 predictus
588 1995 728 2051 Robertus
749 1994 816 2050 inde
836 1995 897 2050 sine
919 1994 965 2050 die
985 2005 1013 2050 et
1035 1994 1114 2049 Prior
1133 2011 1184 2064 pro
1203 1991 1275 2048 salso
1293 1992 1395 2048 clantio
1412 1992 1442 2047 in

331 2083 524 2139 misericordia
535 2093 564 2138 et
577 2082 721 2154 perquirat
734 2100 764 2138 se
776 2100 828 2155 per
840 2082 917 2138 aliud
930 2083 1016 2138 breue
1029 2081 1052 2136 si
1066 2081 1192 2137 uoluerit

335 2340 383 2387 21.
427 2322 533 2387 Prior
561 2319 752 2404 inpetrauit
778 2319 877 2383 aliud
903 2318 996 2383 breue
1020 2317 1079 2382 sub
1104 2317 1214 2383 eadem
1235 2320 1352 2400 forma
1376 2341 1442 2404 quo

411 2427 562 2510 primum
597 2427 690 2492 breue
715 2426 836 2507 suerat
870 2425 1077 2510 impetratum
1114 2423 1181 2488 nasi
1213 2424 1301 2507 quod
1329 2445 1442 2490 nomen

420 2529 576 2615 magr'stn'
589 2529 791 2616 R[adulplri]
798 2529 918 2612 suerat
931 2529 1118 2612 appositum.
1164 2527 1441 2612 Breuejudioiale.

170 2704 294 2756 rhemon
388 2688 448 2742 Rex
466 2685 624 2742 vicecomiti
646 2687 791 2741 Lincolnie
810 2686 936 2741 salutern.
975 2683 1150 2755 Precipimus
1169 2683 1219 2740 tibi
1238 2687 1315 2757 quod
1334 2687 1443 2742 habeas

169 2760 294 2848 fflffit
333 2771 1443 2844 coramJusticiarijsnostrisapudwestmonasteriumincrastinoAscensionis

169 2856 282 2948 ffflgee
291 2903 319 2947 os
334 2859 441 2916 domini
455 2878 572 2933 corpora
587 2860 703 2916 Roberti
717 2861 752 2915 de
767 2860 920 2914 Reternber
932 2859 968 2914 de
980 2860 1052 2927 Tali,
1065 2859 1205 2930 Johannis
1222 2861 1258 2916 de
1276 2861 1393 2928 Bugena
1406 2861 1443 2916 de

169 2955 292 2999 thePrtor
336 2948 430 3016 Corbi‚
457 2947 590 3002 Willelmi
617 2949 823 3018 Chamberleyn
853 2947 889 3002 de
919 2947 1027 3014 eadem,
1053 2947 1173 3002 Gilberti
1200 2948 1235 3003 de
1265 2947 1444 3018 Bylinggere,

168 3006 282 3099 Ἀῶ·
335 3037 446 3090 Thome
463 3036 511 3107 tilij
532 3035 664 3091 Nicholai
682 3037 719 3091 de
737 3038 855 3102 Estone,
871 3035 974 3105 Rogeri
994 3034 1120 3104 Paleirey
1134 3036 1169 3091 de
1188 3035 1296 3104 eadem,
1311 3037 1443 3106 Hugonis

234 3121 252 3174 i.
265 3124 321 3188 41b
336 3125 411 3181 Diuo
424 3126 459 3180 de
472 3127 612 3194 Twyt'ord‚
625 3125 764 3196 Johannis
777 3125 813 3178 de
827 3125 991 3193 Langetone
1003 3123 1039 3178 de
1053 3123 1168 3191 Baleby‚
1184 3123 1298 3179 Ricardi
1314 3124 1349 3179 de
1363 3123 1443 3180 Cotis

323 3212 371 3267 'de
389 3213 499 3280 eadem,
517 3212 636 3268 Galiridi
656 3211 792 3278 Bernard,
806 3221 857 3265 etc.
871 3210 1113 3281 recogniturorum
1130 3227 1259 3279 assysam
1272 3209 1368 3266 ultime
1381 3229 1443 3282 pre·

334 3300 506 3356 sentacionis
518 3317 605 3373 quarn
619 3301 698 3356 Prior
710 3301 746 3355 de
760 3300 930 3354 Bemewelle
941 3298 968 3353 in
982 3298 1060 3353 curia
1069 3307 1165 3352 nostra
1175 3315 1271 3352 coram
1281 3297 1444 3371 justiciarijs

335 3390 438 3444 nostris
447 3390 524 3459 apud
533 3390 818 3445 westmonasterium
827 3387 991 3444 arramiauit
1000 3403 1097 3442 versus
1108 3387 1262 3441 Robertum
1273 3387 1308 3442 de
1319 3387 1443 3444 Braken·

335 3478 435 3544 berwe,
448 3485 475 3532 et
488 3477 655 3546 magistrum
669 3478 852 3548 Radulphum
870 3478 906 3532 de
919 3475 1071 3546 Wykharn,
1085 3476 1120 3531 de
1136 3476 1257 3532 ecclesia
1269 3476 1305 3531 de
1319 3478 1444 3548 Byrtone

335 3566 364 3621 in
379 3567 538 3621 Kesteuene
550 3581 605 3635 que
617 3576 700 3620 vacat
717 3577 748 3621 ut
765 3565 876 3633 dicitur,
890 3565 926 3619 ad
944 3564 1104 3620 faciendam
1121 3579 1251 3632 assysam
1264 3565 1350 3633 illam,
1365 3566 1444 3621 etad

334 3652 507 3708 audiendum
517 3653 656 3723 judicium
669 3671 752 3708 suum
765 3654 801 3708 de
814 3652 940 3724 pluribus
953 3651 1072 3708 defaltis

389 3739 563 3812 Precipimus
584 3740 675 3795 eciam
694 3741 744 3797 tibi
764 3740 841 3810 quod
862 3749 904 3795 tot
923 3749 952 3794 et
973 3740 1044 3794 tales
1064 3749 1122 3794 tarn
1141 3738 1245 3795 milites
1267 3757 1353 3809 quarn
1372 3740 1444 3797 alios

335 3827 437 3883 liberos
450 3838 478 3884 et
490 3827 597 3898 legales
613 3827 743 3882 homines
760 3827 795 3881 de
808 3825 919 3881 visneto
936 3827 1064 3897 predicto
1077 3824 1104 3880 in
1118 3842 1247 3894 assysam
1261 3824 1339 3883 illam
1353 3845 1444 3899 ponas

335 3926 363 3972 et
386 3916 449 3972 ilios
468 3915 575 3970 habeas
597 3931 692 3971 coram
715 3915 848 3987 predictis
871 3913 1039 3986 Justiciarijs
1059 3913 1163 3970 nostris
1184 3916 1260 3987 apud
1280 3917 1444 3972 Westrnon·

335 4003 469 4060 asterium
483 4003 519 4058 ad
532 4003 671 4074 preiatum
685 4003 837 4057 terminum
851 4003 888 4057 ad
904 4002 1065 4057 faciendam
1082 4019 1211 4071 assysam
1224 4004 1301 4059 illam
1314 4003 1354 4060 ita
1366 4005 1444 4075 quod

336 4109 435 4162 assysa
447 4089 495 4145 illa
513 4106 570 4145 non
588 4099 734 4145 remaneat
751 4089 891 4161 capienda
903 4106 954 4160 pro
972 4089 1082 4145 deiectu
1092 4087 1281 4162 jur[atorum]‚
1295 4101 1323 4146 et
1335 4091 1444 4148 habeas

336 4180 452 4235 nomina
465 4194 562 4234 eorum
574 4195 646 4250 quos
659 4177 696 4234 de
708 4194 783 4233 nouo
797 4179 962 4248 apposueris
974 4188 1003 4233 et
1015 4179 1072 4234 hoo
1083 4179 1176 4235 breue.
1207 4179 1295 4234 Teste
1306 4177 1444 4253 T[homa]

336 4270 372 4324 de
397 4268 556 4338 Weyiande
582 4265 659 4337 apud
684 4266 968 4322 westmonasterium
994 4285 1045 4324 ,xro
1071 4265 1118 4322 die
1142 4265 1239 4338 aprilis
1263 4281 1339 4323 anno
1364 4269 1444 4340 regni

335 4357 424 4413 nostri
442 4355 508 4412 xvh.
