3222 5086
127 401 190 501 111]
294 402 382 478 Suz't
397 401 474 498 for
497 401 559 478 rae
587 400 738 476 Claurclr
765 401 814 496 of
833 399 1077 474 Waterbeaclz
1169 417 1236 491 135

254 695 301 760 54.
348 679 398 742 De
412 679 535 762 placito
557 687 668 742 contra
696 677 895 759 Templan'os
909 689 972 759 pro
994 639 1120 742 ecclesia

540 780 580 844 de
611 780 831 845 Waterbeclrc¹.
864 801 867 806 ’

170 946 456 1016 Memorandum
483 907 611 1030 quod
602 966 636 1010 m
663 943 792 1010 octabis
815 929 921 1009 sancti
951 944 1125 1009 Michaelis
1152 963 1241 1008 anno
1254 961 1387 1056 rur-rm

129 1052 223 1134 regni
257 1051 359 1134 Regis
397 1048 575 1114 Eadwardi
611 1047 764 1131 septimo,
794 1049 886 1113 venit
917 1047 1079 1131 Magister
1116 1013 1272 1111 Milicies
1273 1012 1405 1105 ”iilam

1276 1111 1384 1164 emptu·

129 1153 298 1236 Templi
289 1174 321 1216 m
344 1153 470 1236 Anglia
491 1161 550 1236 pet
570 1161 776 1238 attornatum
798 1172 896 1216 suum
917 1169 1030 1217 coram
1048 1150 1241 1234 justiciariis
1254 1163 1348 1256 mg
1357 1211 1385 1254 or

129 1259 259 1324 domini
283 1258 419 1341 Regis
411 1277 444 1322 m
469 1259 576 1322 banco
599 1257 689 1339 apud
713 1235 1061 1335 westmonasterium,
1082 1267 1117 1321 et
1139 1253 1354 1356 peclltfflssg‘·

129 1381 245 1425 versus
269 1361 416 1425 Priorem
443 1360 488 1425 de
515 1361 718 1426 Bemewelle
744 1361 1005 1430 aduocacionem
1037 1359 1174 1425 ecclesie
1199 1359 1242 1425 de

131 1465 362 1556 Waterbeche,
379 1475 416 1528 ut
429 1465 483 1547 jus
499 1474 561 1529 etc.
563 1485 645 1548 ,per
661 1464 761 1529 breue
779 1465 822 1530 de
842 1474 942 1528 recto,
989 1465 1035 1528 Et
1053 1463 1142 1527 vnde
1161 1462 1272 1528 dicits.
1286 1495 1317 1543 50

130 1549 222 1652 quod
243 1569 381 1653 quidam
403 1569 576 1633 Emericus
597 1552 769 1651 quondam
789 1568 952 1651 Magister
967 1566 1091 1630 Milicie
1108 1565 1241 1650 Templi

130 1674 164 1737 in
190 1672 315 1756 Anglia
338 1671 551 1756 predecessor
576 1691 656 1735 suus
681 1671 743 1735 suit
768 1673 913 1753 seysitus
940 1672 983 1736 de
1007 1670 1157 1754 predicta
1184 1669 1242 1733 ad-

130 1779 311 1843 uocacione
331 1789 483 1861 tempore
503 1778 595 1860 pacis
615 1788 650 1840 et
670 1784 822 1858 tempore
841 1773 968 1840 domini
986 1775 1089 1860 Regis
1107 1773 1242 1839 Ricardi

130 1884 369 1968 consanguinei
400 1881 528 1947 domini
560 1882 663 1964 Regis
693 1901 790 1957 nunc,
818 1881 1042 1964 presentando
1072 1879 1241 1964 quendam

129 1987 320 2070 Johannem
357 1986 399 2050 de
436 1985 624 2050 Charmels²
661 1984 815 2049 clericum
852 2005 950 2049 suum
982 1983 1025 2049 ad
1056 1984 1240 2069 predictam

130 2091 315 2168 ecclesiam,
339 2092 396 2175 qui
423 2089 466 2154 ad
493 2090 779 2174 presentacionem
805 2111 901 2154 suam
926 2087 988 2154 fuit
1012 2088 1178 2153 admissus
1208 2100 1242 2154 et

131 2195 312 2272 institutus,
336 2194 500 2279 capiendo
523 2193 601 2257 inde
624 2193 785 2276 explecia‚
807 2193 898 2258 utin
921 2193 1185 2258 obuencionibus
1208 2204 1242 2257 et

131 2299 363 2363 oblacionibus
389 2307 423 2362 et
449 2297 524 2380 alijs
546 2296 590 2361 ad
613 2295 796 2360 valenciam
821 2295 958 2362 dimidie
982 2317 1093 2362 marce
1115 2306 1185 2373 etc..
1208 2309 1243 2361 et

130 2402 223 2488 quod
246 2402 314 2468 tale
336 2401 380 2466 sit
403 2401 453 2465 ius
476 2420 573 2465 suum
597 2399 694 2464 offert
717 2410 777 2464 etc.

199 2503 244 2572 Et
267 2507 360 2571 Prior
379 2506 423 2570 de
444 2503 647 2570 Bemewelle
668 2526 727 2587 per
747 2515 952 2570 attornatum
975 2527 1072 2571 suum
1094 2505 1186 2570 uenit
1208 2515 1241 2569 et

131 2609 283 2675 defendit
303 2609 359 2693 jus
382 2630 489 2686 suum,
511 2608 648 2693 quando
670 2619 741 2687 etc,
764 2619 798 2672 et
824 2605 905 2675 dicit
929 2611 1021 2694 quod
1045 2631 1112 2675 non
1139 2609 1241 2675 debet

132 2714 210 2780 inde
220 2709 255 2778 ei
276 2713 320 2778 ad
342 2715 405 2778 hoc
426 2715 527 2778 breue
549 2713 758 2796 respondere,
773 2713 852 2798 quia
867 2715 949 2779 dicit
963 2716 1053 2798 quod
1070 2715 1239 2798 predictus

133 2819 297 2902 Magister
317 2819 399 2890 alias
422 2817 454 2881 in
476 2819 566 2884 curia
588 2817 692 2902 Regis
712 2817 766 2881 hic
787 2817 864 2882 tulit
883 2820 1056 2883 consimile
1076 2819 1177 2884 breue
1197 2818 1240 2882 de

132 2933 223 2986 recto
238 2942 353 2986 versus
372 2922 481 3007 ipsum
500 2921 646 2985 Priorem
668 2923 711 2986 de
732 2920 882 3006 predicta
902 2924 1137 2999 aduocacione‚
1153 2931 1187 2987 et
1207 2921 1240 2986 in

132 3027 326 3092 narracione
352 3047 413 3090 sua
439 3027 528 3091 dixit
554 3025 645 3109 quod
668 3027 805 3110 quidam
831 3027 994 3091 Ricardus
1017 3028 1060 3092 de
1085 3027 1242 3112 Hasting,

131 3129 303 3215 quondam
318 3131 481 3215 Magister
494 3129 620 3194 Milicie
629 3131 764 3214 Templi
777 3132 811 3195 in
824 3131 959 3215 Anglia,
970 3131 1031 3197 fuit
1043 3133 1187 3215 seysitus
1199 3133 1241 3196 de

132 3235 282 3320 predicta
302 3227 528 3299 aduocacione
548 3246 701 3318 tempore
714 3233 851 3300 Henrici
866 3236 968 3318 Regis
980 3237 1098 3320 proaui
1113 3235 1241 3301 domini

133 3337 237 3423 Regis
262 3360 359 3416 nunc,
383 3351 419 3405 vt
445 3337 488 3404 de
515 3338 614 3403 feodo
639 3349 672 3404 et
699 3338 797 3424 juret
824 3339 1048 3423 presentando
1072 3340 1241 3425 quendam
1306 3353 1307 3362 ’

132 3445 412 3522 clericumsuum
440 3443 483 3507 ad
509 3443 661 3520 eandem,
687 3454 721 3508 et
747 3443 838 3526 quod
865 3443 1021 3509 dominus
1049 3445 1127 3509 Rex
1154 3447 1242 3510 nunc

132 3543 302 3613 statuerat
330 3547 420 3632 quod
457 3547 568 3611 nullus
603 3545 758 3611 dec'etero
793 3548 962 3613 audiretur
996 3545 1162 3613 na'rrando
1198 3551 1240 3614 ad

132 3651 324 3718 huiusmodi
350 3653 452 3716 breue
482 3650 524 3716 de
551 3646 686 3734 seysina
708 3653 759 3716 sui
784 3651 1002 3718 antecessoris
1028 3654 1071 3717 de
1095 3653 1241 3720 ulteriori

132 3765 284 3840 tempore
315 3753 490 3839 quamde
519 3749 672 3840 'tempore
702 3755 829 3819 domini
859 3757 961 3839 Regis
990 3751 1148 3822 Ricardit
1195 3758 1242 3822 Et

133 3860 302 3944 predictus
326 3858 488 3943 Magister
510 3879 578 3924 non
600 3853 709 3944 po'tuit
729 3859 810 3924 illud
835 3860 997 3926 dedicere.
1032 3857 1240 3927 ¹Considera-

181 4059 191 4094 ¹
209 4063 249 4112 Dc
261 4062 347 4112 Banco
360 4061 440 4122 Rolls,
452 4061 502 4111 No
515 4077 556 4126 31,
569 4062 627 4113 Roll
641 4077 665 4126 5.
698 4061 761 4113 This
772 4072 844 4128 entry
855 4063 875 4114 is
890 4063 919 4116 oi
931 4065 1032 4116 interest
1044 4080 1071 4116 as
1082 4063 1159 4130 being
1168 4063 1242 4116 iuller

133 4145 194 4196 then
210 4143 253 4196 the
269 4143 417 4196 enrolment.
455 4144 534 4209 Many
553 4145 582 4195 ol
599 4145 642 4196 the
662 4145 781 4196 “ereb”
799 4145 830 4197 oi
848 4147 892 4198 the
911 4149 985 4198 latter
1001 4163 1043 4199 are
1062 4148 1122 4199 here
1140 4156 1177 4198 set
1197 4155 1243 4197 out

176 4243 199 4276 w
377 4271 380 4280 .

134 4243 160 4278 m
181 4227 296 4361 ’oltrisibe'
305 4309 352 4359 roll
364 4309 407 4359 the
417 4308 487 4360 word
500 4310 520 4360 is
533 4311 630 4361 written
641 4311 772 4362 Chamels.
871 4311 882 4344 ⁸
898 4312 972 4364 feodo
981 4313 1052 4378 juris,
1067 4313 1125 4364 MS.

182 4392 193 4424 ⁴
209 4392 247 4458 By
262 4391 306 4443 the
321 4391 419 4442 Statute
434 4391 462 4441 ol
476 4391 651 4442 westminster
667 4393 710 4443 the
728 4394 803 4451 First.
819 4395 909 4460 passed
927 4395 952 4444 in
969 4409 985 4444 u
1002 4395 1154 4446 Parliament
1171 4393 1242 4445 there

135 4473 273 4526 assembled
290 4487 321 4524 rr
340 4471 423 4537 April,
445 4487 516 4537 ¹²7⁵·
533 4473 576 4525 the
593 4473 653 4524 time
670 4475 708 4525 sor
725 4475 813 4527 averit
830 4475 860 4526 ol
872 4476 939 4542 right
957 4493 1007 4528 vrrs
1023 4476 1130 4528 limited.
