3212 5064
166 359 214 461 11]
592 362 638 442 in,
659 363 720 437 tlte
746 363 847 437 Faz'r
1225 370 1273 458 89

165 545 244 611 darn
268 567 392 632 equum
419 546 581 626 venalem,
607 547 733 612 scilicet
758 547 930 631 quandam
951 548 1144 632 'jumentam
1171 569 1273 633 quarn
1285 569 1420 613 urorum

165 649 292 716 furatus
316 653 429 717 iuerat
475 652 579 717 Venit
602 652 739 734 quidam
760 654 911 731 villanus,
929 664 964 718 et
987 655 1124 718 nomine
1145 653 1272 719 domini
1286 619 1410 715 {ilidii

165 757 215 820 sui
242 757 483 841 calumpniauit
509 777 633 840 equum
664 755 766 821 illurn.
813 757 914 842 Quod
936 769 982 822 ¹ut
1012 759 1188 843 perpendit
1218 758 1273 822 ille
1286 721 1369 862 {filib
1379 771 1409 862 qe

166 858 250 924 latro
275 861 408 945 reliquit
434 881 557 944 equum
585 869 619 924 et
646 860 860 944 rugitusque
887 863 920 925 in
948 863 1136 939 Eoueriam,
1162 864 1274 947 ibique
1285 821 1425 925 (allilieln

167 965 359 1029 morabatur
379 975 540 1049 tanquam
561 965 595 1028 in
616 965 764 1042 ecclesia,
779 966 858 1049 quia
873 977 945 1031 erat
960 966 1046 1032 inlra
1061 987 1181 1032 muros.
1227 968 1274 1032 Et
1287 923 1353 975 Μ’

166 1066 244 1149 quia
270 1066 403 1132 dicebat
427 1068 517 1150 quod
543 1068 649 1132 uoluit
671 1089 707 1132 se
730 1078 843 1133 tenere
865 1070 908 1133 ad
933 1071 1113 1134 tuicionem
1137 1070 1275 1135 ecclesie

165 1183 289 1250 sancte,
307 1175 490 1239 ducebatur
512 1195 616 1259 usque
635 1175 668 1237 in
685 1173 849 1258 capellam
866 1175 982 1240 Sancti
999 1174 1145 1252 Andree,
1161 1176 1274 1259 ibique

166 1277 359 1342 morabatur
379 1299 447 1362 quo
472 1298 576 1361 usque
599 1276 765 1340 abiurauit
788 1286 910 1340 terram
934 1276 1067 1360 Anglie.
1114 1278 1213 1350 Vnde
1239 1279 1273 1342 in

166 1379 275 1443 rotulo
297 1381 501 1444 coronatoris
525 1380 742 1443 inrotulatum
765 1388 837 1444 erat
864 1379 946 1442 illud
970 1379 1095 1443 sactum
1119 1380 1185 1443 sic:
1216 1380 1273 1462 Jo-

165 1483 292 1548 hannes
313 1485 357 1549 de
381 1485 601 1550 Mendesham
626 1483 712 1546 filius
736 1482 894 1546 Willelmi
917 1483 961 1545 de
987 1483 1208 1548 Mendesham
1231 1486 1274 1549 de

165 1591 327 1654 comitatu
356 1589 546 1665 Suflolchie,
572 1588 701 1672 fugiens
728 1587 771 1652 ad
794 1588 970 1652 ecclesiam
995 1588 1112 1654 Sancti
1137 1589 1274 1654 Andree

166 1695 209 1760 de
239 1697 450 1774 Bernewelle,
474 1696 529 1760 die
560 1695 747 1759 natiuitatis
777 1695 893 1760 Sancti
918 1695 1081 1778 Johannis
1112 1696 1273 1780 Baptiste‚

166 1821 254 1865 anno
271 1801 362 1884 regni
380 1801 484 1884 Regis
497 1800 652 1865 Edwardi
666 1800 822 1878 secundo,
835 1803 1030 1883 recognouit
1041 1802 1132 1885 quod
1147 1801 1273 1865 furatus

166 1906 228 1971 luit
247 1907 428 1989 quemdam
450 1927 573 1989 equum
595 1906 638 1969 ad
661 1904 890 1969 molendinum
913 1904 955 1968 de
974 1905 1143 1970 Westone.
1191 1905 1273 1970 Ideo
1286 1917 1303 1968 l.
1322 1918 1382 1983 μὴ

166 2011 332 2075 abiurauit
352 2021 475 2075 terram
492 2011 617 2093 Anglie
639 2012 821 2074 secundum
844 2012 982 2074 assisam
1005 2012 1105 2093 regni.
1153 2011 1274 2076 Postea

168 2117 259 2179 uenit
282 2116 451 2199 predictus
471 2115 615 2180 villanus
635 2135 712 2178 curn
735 2123 864 2198 septem
888 2114 1051 2197 legalibus
1073 2115 1273 2192 hominibus,

165 2220 222 2303 qui
244 2221 340 2283 iurati
363 2229 396 2282 et
417 2219 602 2283 examinati
618 2218 775 2282 dicebant
790 2238 889 2301 super
907 2229 1153 2282 sacramentum
1175 2239 1272 2282 suum

166 2323 256 2406 quod
287 2344 393 2406 equus
423 2323 485 2386 fuit
515 2322 656 2406 predicti
687 2321 820 2399 villani;
849 2331 884 2385 et
913 2322 961 2385 sic
991 2321 1052 2386 suit
1083 2322 1137 2386 ille
1167 2342 1273 2406 equus

165 2427 316 2511 predicto
327 2427 451 2492 villano
463 2427 628 2490 liberatus
662 2425 812 2489 Precium
825 2424 900 2508 equi
914 2445 973 2508 per
985 2424 1109 2508 legales
1120 2426 1272 2490 homines

164 2531 356 2595 estimatum
382 2533 425 2596 ad
449 2531 597 2615 quinque
622 2528 753 2592 solidos.
801 2528 847 2591 Et
871 2539 950 2592 tunc
979 2529 1055 2593 lecit
1081 2529 1191 2594 dictus
1214 2530 1272 2594 vil·

165 2634 260 2698 lanus
290 2637 500 2698 securitatem
527 2633 618 2716 quod
646 2635 673 2695 si
703 2632 825 2695 domus
855 2633 898 2696 de
930 2632 1130 2697 Bemewelle
1160 2633 1273 2717 aliquo

164 2749 315 2822 tempore
330 2739 515 2822 dampnum
533 2737 686 2814 incurrat,
698 2737 751 2800 uel
764 2735 993 2801 occasionetur
1008 2738 1139 2802 racione
1155 2737 1271 2802 libera-

165 2843 270 2907 cionis
285 2843 365 2908 dicti
382 2844 468 2928 equi,
481 2843 572 2925 quod
589 2840 804 2923 respondebit
820 2841 863 2904 de
878 2841 1027 2924 dampno
1043 2852 1077 2906 et
1092 2843 1250 2925 expensis
1263 2863 1271 2921 ;

166 2961 200 3013 et
223 2949 351 3013 inuenit
375 2951 460 3012 duos
488 2945 705 3021 fideiussores,
728 2945 883 3009 videlicet
907 2945 1082 3010 dominum
1106 2946 1271 3012 Constan-

166 3053 272 3118 tinum
297 3062 332 3116 et
356 3051 531 3116 dominum
560 3049 747 3114 Galfridum
775 3048 966 3134 capellanos
989 3051 1046 3135 qui
1070 3061 1150 3114 tunc
1173 3062 1270 3115 erant

166 3158 339 3223 domestici
357 3157 485 3221 Prioris.

168 3476 216 3537 28.
260 3473 311 3537 De
335 3471 531 3536 contencione
557 3470 644 3534 inter
668 3469 820 3534 Pn‘orem
841 3479 873 3532 et
893 3467 1043 3533 Balliuos
1067 3468 1272 3554 Cantebn'ga'e

297 3589 362 3662 pro
383 3575 511 3640 catallis
525 3575 674 3656 felonum
698 3574 733 3637 in
746 3573 843 3654 serr'a
865 3573 903 3636 de
924 3571 1125 3638 Bemewelle.

230 3783 378 3868 Quidam
406 3793 568 3846 mercator
595 3781 687 3845 uenit
713 3781 756 3843 ad
780 3779 895 3844 feriam
919 3778 962 3844 de
986 3778 1189 3844 Bemewelle
1210 3801 1270 3843 ex·
1283 3800 1378 3892 grem

166 3909 292 3975 ponens
308 3907 359 3952 res
375 3908 451 3951 suas
468 3886 611 3964 uenales
623 3885 778 3950 videlicet
793 3883 936 3961 cultella‚
947 3885 1148 3960 cerothecas,
1160 3905 1270 3960 zonas,
1283 3901 1425 3994 3332:de

166 4005 199 4058 et
214 3991 413 4069 huiusmodi,
428 4001 462 4055 et
478 3991 611 4054 nemine
627 4009 704 4054 eum
720 3999 941 4073 persequente
956 3989 1019 4053 sibi
1035 3989 1096 4073 ipsi
1118 3989 1270 4052 conscius
1284 3998 1346 4092 {3¹²¹
1355 4001 1398 4043 the

167 4099 278 4181 lugam
310 4095 391 4178 inijt‚
419 4105 453 4159 et
479 4115 530 4158 res
561 4115 637 4158 suas
668 4095 739 4159 sine
769 4094 908 4158 custode
937 4093 1121 4177 dereliquit
1169 4090 1268 4174 Quod
1282 4063 1434 4194 ffiqq‘hff·

166 4200 373 4286 perpendens
410 4197 558 4262 Balliuus
596 4197 715 4260 Prioris
751 4195 829 4261 iecit
862 4217 921 4280 per
951 4198 1058 4260 visum
1088 4194 1268 4278 proborum
1282 4199 1421 4294 pquhwr

165 4307 337 4371 bominum
369 4304 457 4368 bona
487 4305 559 4386 ipsa
589 4303 791 4386 complicari,
813 4311 847 4366 et
872 4303 904 4364 in
932 4302 1117 4365 Prioratum
1142 4296 1391 4392 deferrem«

166 4411 333 4476 Robertus
369 4407 493 4490 Tuylet
527 4416 607 4470 tunc
639 4407 748 4470 Maior
779 4404 991 4487 Cantebrigie
1021 4402 1119 4488 petijt
1147 4403 1269 4469 catalla
1282 4411 1388 4494 ζῖξῖξω
