3212 5064
338 362 389 446 96
611 356 673 455 Of
693 355 869 455 Geoffrey
893 355 955 428 the
983 354 1171 452 Chapluin
1326 347 1444 454 [soon

334 539 460 595 indebite
476 549 504 594 et
521 551 619 596 contm
632 551 760 598 tenorem
771 552 849 598 carte
865 541 993 612 predicte
1005 541 1068 611 jam
1080 558 1131 612 per
1141 541 1287 596 biennium
1298 539 1445 607 subtraxit,

333 627 485 699 quominus
501 629 620 699 predicti
637 631 695 686 duo
711 631 881 698 sacerdotes,
894 631 966 685 sient
983 630 1089 684 ibidem
1105 630 1218 685 studere
1232 639 1261 683 et
1279 645 1331 700 pro
1348 626 1443 682 anima

333 715 461 786 predicta
479 715 577 771 diuina
594 718 738 772 celebrare
755 718 860 773 debent
879 729 907 772 et
925 717 1026 786 soient,
1045 719 1159 773 studere
1177 717 1295 789 possint

387 805 425 860 Et
449 805 524 859 vnde
547 805 684 876 placitum
707 807 759 861 fuit
783 807 857 861 inter
880 823 930 861 eos
954 807 984 860 iu
1005 807 1107 862 eadem
1128 807 1221 873 Curia,
1240 805 1346 859 scilicet
1365 801 1442 873 quod

332 893 476 964 predictus
495 894 574 948 Prior
590 895 755 964 recognocit
767 906 796 950 et
809 895 959 961 concessit,
971 913 1023 966 pro
1035 913 1066 950 se
1079 905 1107 950 et
1120 895 1331 950 nemoribus
1343 893 1442 946 suiset

332 981 453 1038 xciesia
470 999 521 1038 sua
538 985 636 1039 Sancti
655 983 749 1054 Egidii
767 984 804 1040 de
821 985 1000 1051 Bernewelle,
1013 984 1091 1055 quod
1108 983 1162 1055 ipsi
1179 984 1312 1038 decmem
1324 980 1442 1036 reddent

333 1071 451 1140 singulis
463 1073 546 1127 annis
558 1073 670 1127 duobus
682 1073 878 1128 sacerdotibus
890 1073 988 1127 diuina
999 1072 1216 1140 celebrantibus,
1224 1081 1253 1125 et
1262 1070 1292 1124 in
1300 1065 1442 1138 theologia

333 1157 361 1211 in
375 1158 502 1229 predicta
514 1160 697 1215 vniuersitate
705 1160 893 1228 studentibus,
902 1170 930 1215 et
940 1159 1031 1214 eciam
1041 1176 1091 1230 per
1101 1158 1307 1214 Canceliarium
1317 1154 1442 1228 predicte

333 1247 532 1314 uniuersitatis,
550 1257 578 1301 et
599 1264 651 1318 per
670 1247 795 1301 Priorem
813 1249 850 1302 de
870 1249 1042 1303 Remenelie
1059 1247 1108 1318 qui
1127 1264 1179 1319 pro
1196 1258 1323 1316 tempore
1340 1245 1442 1299 inerint

332 1332 437 1400 eiectis,
453 1334 553 1389 decem
571 1351 682 1389 marcas
700 1335 810 1405 argenti
828 1337 916 1390 annm
934 1336 1061 1390 redditus
1079 1335 1275 1405 inperpetuum
1293 1332 1442 1388 habendas

332 1431 362 1475 et
385 1422 533 1477 annuatim
557 1423 755 1493 percipiendas
779 1424 888 1480 eisdem
912 1422 1109 1479 sacerdotibus
1129 1439 1181 1493 per
1201 1439 1303 1476 manus
1323 1419 1441 1491 predicti

334 1509 439 1564 Prioris
455 1521 482 1564 et
499 1527 694 1568 successorum
711 1529 826 1568 suonam
844 1513 881 1568 de
897 1514 1030 1569 omnihus
1046 1513 1127 1568 terris
1144 1523 1172 1567 et
1190 1511 1358 1567 tenementis
1376 1527 1441 1564 cum

333 1597 515 1668 pertinenciis
528 1616 584 1671 que
600 1601 677 1656 idem
696 1599 776 1655 Pn'or
791 1601 883 1656 tenuit
899 1602 928 1655 in
944 1603 1010 1655 villa
1024 1602 1062 1656 de
1076 1601 1252 1671 Wygenbale
1265 1600 1294 1654 in
1306 1597 1441 1654 comitatu

334 1687 361 1740 N
363 1686 499 1742 orioichie
514 1688 560 1742 die
576 1705 633 1758 quo
647 1689 699 1744 hec
712 1689 867 1745 concordia
878 1689 955 1744 iacta
966 1689 1018 1744 init
1032 1689 1069 1744 ad
1080 1689 1153 1743 duos
1166 1687 1316 1743 terminos:
1335 1685 1442 1742 scilicet

333 1774 515 1831 medietatem
537 1778 573 1831 ad
595 1775 698 1834 festum
720 1779 811 1834 sancti
835 1779 994 1846 Michaelis,
1013 1789 1041 1833 et
1063 1778 1181 1832 aiteram
1202 1777 1383 1831 medietatem
1404 1775 1442 1830 ad

334 1861 451 1919 Pascha
491 1865 528 1918 Et
545 1865 569 1919 si
586 1865 733 1936 contingat
748 1867 826 1937 quod
842 1867 985 1937 predictus
1004 1867 1084 1921 Prior
1098 1867 1144 1921 vel
1162 1881 1340 1921 successores
1354 1863 1397 1919 sui
1413 1865 1442 1918 in

333 1951 477 2007 solucione
498 1953 616 2024 predicti
638 1955 764 2010 redditus
786 1957 886 2011 decern
907 1971 1066 2010 marcarum
1088 1955 1125 2010 ad
1146 1955 1269 2024 aliquem
1292 1953 1441 2009 terminum

333 2039 495 2108 defecerint,
518 2042 592 2098 bene
618 2042 713 2097 licebit
741 2042 868 2114 predicto
893 2042 1071 2098 Canceilario
1095 2041 1173 2112 ipsos
1197 2041 1372 2110 distringere,
1397 2039 1442 2094 uei

333 2142 526 2198 quoscumque
538 2129 586 2199 qui
600 2129 628 2183 in
646 2138 790 2200 posterum
803 2130 931 2200 predicta
946 2139 1109 2184 tenementa
1125 2129 1270 2194 tenebunt,
1283 2144 1334 2198 per
1346 2125 1443 2181 omnia

332 2215 436 2270 catalla
448 2231 499 2270 sua
512 2216 540 2270 in
550 2215 684 2286 predictis
694 2218 862 2272 tenementis
872 2217 988 2272 inuenta
997 2233 1088 2287 usque
1098 2216 1135 2270 ad
1144 2215 1258 2286 plenam
1268 2213 1441 2270 solucionem

332 2301 512 2358 denariorum
525 2305 572 2374 qui
585 2314 677 2359 aretro
690 2305 794 2362 luerim
806 2305 842 2360 de
855 2303 903 2360 ilio
915 2304 1043 2360 termino.

347 2520 399 2583 41.
445 2505 496 2568 De
520 2503 689 2587 Capellam
710 2505 977 2570 excoenmunicato
998 2507 1058 2589 qui
1077 2505 1124 2568 sic
1145 2515 1281 2568 uocatur
1292 2513 1425 2585 prepter

497 2611 689 2674 sentenciam
711 2631 809 2693 quam
833 2611 1036 2676 Laurencs'us
1058 2609 1163 2674 Prior
1183 2610 1278 2674 dedit.

170 2769 254 2815 otene
388 2763 530 2819 Omnibus
547 2764 652 2820 Christi
669 2764 799 2820 fidelibus
816 2776 868 2820 etc.
887 2764 1059 2820 laurencius
1074 2765 1154 2819 Prior
1165 2774 1219 2819 etc
1256 2759 1440 2817 Vniuersitati

169 2823 303 2916 iss‘vifflssi'*
334 2863 426 2906 uestre
441 2851 564 2921 presenti
582 2852 686 2924 scripto
699 2852 936 2922 recognoscimus,
950 2867 1002 2906 nos
1015 2850 1141 2906 unanimi
1154 2848 1272 2906 consilio
1284 2859 1311 2905 et
1325 2865 1440 2904 assensu

170 2921 298 3015 {mm
334 2940 509 2996 concessisse
537 2939 663 2995 Domino
692 2940 822 2995 Gaiirido
846 2940 881 2996 de
908 2940 1078 2995 Bemewelie
1105 2939 1260 3010 Capeliano
1283 2937 1440 2993 corrodium

171 3019 317 3115 gfflsffli
333 3028 416 3082 unius
434 3027 571 3082 Canonici
589 3027 695 3082 scilicet
713 3027 741 3082 in
758 3045 833 3099 pane
850 3038 878 3082 et
893 3038 961 3099 potu
976 3038 1005 3083 et
1019 3028 1143 3098 potagio,
1157 3038 1184 3082 et
1198 3043 1284 3081 vnum
1296 3026 1441 3091 ferculum,

169 3121 212 3215 {ne
222 3123 298 3164 bene-
334 3125 361 3169 et
379 3129 464 3168 unam
481 3113 635 3184 pitanciam
654 3113 689 3167 ad
703 3131 838 3183 magnum
851 3114 1010 3184 prandium,
1023 3123 1052 3169 et
1064 3115 1142 3169 aliud
1155 3113 1191 3166 ad
1205 3130 1313 3180 cenam,
1327 3110 1441 3182 quando

179 3171 260 3216 usion
437 3203 442 3214 .
464 3203 469 3214 .
518 3201 523 3213 .
1126 3202 1158 3216 ..
1250 3201 1256 3213 .
1280 3201 1286 3212 .
1414 3199 1420 3212 .

170 3220 319 3273 otueonrey
335 3203 471 3258 Canonrct
496 3202 540 3256 bis
564 3201 725 3269 comedunt,
743 3202 779 3255 de
800 3202 900 3257 eodem
923 3202 999 3273 quod
1022 3204 1160 3258 Canonrcr
1181 3211 1339 3272 percipiunt
1360 3210 1388 3254 et
1412 3217 1441 3254 m

169 3271 302 3374 Qum,
334 3290 434 3346 eadem
452 3289 618 3360 quantitate,
631 3289 668 3344 ad
682 3289 920 3344 sustentacionem
933 3288 1015 3344 unius
1032 3289 1178 3359 Capeliani
1191 3289 1239 3359 qui
1252 3304 1303 3360 pro
1315 3299 1441 3358 tempore

170 3370 277 3466 2¹1}qu
333 3375 416 3432 luerit
432 3373 472 3448 [et
489 3373 549 3448 qui]
566 3395 617 3448 pro
633 3377 705 3432 viuis
722 3388 750 3433 et
767 3377 906 3433 defunctis
923 3377 952 3432 in
969 3378 1056 3432 domo
1073 3376 1280 3432 Elemosinarie
1296 3387 1391 3431 nostre
1406 3377 1442 3432 de

170 3471 286 3526 cleptein
334 3465 496 3537 prouisione
514 3474 541 3520 et
560 3464 761 3537 impetracione
779 3467 868 3538 ipsius
886 3466 1004 3522 Galiridi
1022 3477 1159 3537 perpetuo
1175 3465 1273 3520 diuina
1289 3465 1441 3520 celebrabit

169 3521 268 3618 ssfflf‘
334 3554 363 3608 in
382 3554 461 3609 curia
479 3553 524 3609 vei
542 3554 570 3609 in
590 3554 657 3608 viiia
675 3555 710 3608 de
731 3554 900 3610 Berneweile
918 3553 1138 3625 percipiendum.

169 3622 288 3717 ffinedin
388 3640 588 3698 Concessimus
610 3641 700 3698 eciam
722 3643 813 3698 eidem
836 3641 988 3715 G[alirido]
1009 3643 1045 3697 ad
1067 3659 1138 3713 opus
1157 3639 1294 3711 capellani
1314 3639 1439 3695 eiusdem

171 3725 262 3767 ΝΜ
298 3736 304 3775 i
333 3743 419 3782 unam
444 3743 569 3780 marcam
593 3742 718 3781 annuam
743 3728 780 3781 ad
803 3737 897 3796 vestes
922 3727 1128 3797 comparandas
1153 3724 1190 3780 ad
1212 3726 1285 3780 duos
1305 3723 1441 3779 terminos

170 3773 305 3868 :urmes
334 3828 352 3866 a
373 3810 457 3865 nobis
478 3809 698 3880 percipiendam,
718 3809 825 3865 scilicet
846 3809 884 3865 ad
907 3809 1018 3864 Pascha
1036 3809 1185 3865 dimidiam
1203 3824 1338 3875 marcam,
1357 3806 1440 3861 etad

170 3876 281 3968 ffii‘rle‘on.
334 3897 438 3955 festum
451 3897 541 3953 sancti
557 3897 707 3952 Michaelis
716 3897 864 3952 dimidiam
874 3913 1008 3966 marcam,
1016 3897 1056 3951 ita
1066 3897 1172 3952 scilicet
1182 3897 1258 3967 quod
1269 3895 1440 3966 Capelianus

252 4003 268 4055 f,
290 4017 319 4069 ³⁵
334 3995 507 4043 memoratus
534 3983 581 4055 qui
611 4001 662 4054 pro
689 3995 816 4054 tempore
842 3983 924 4039 luerit
950 3985 980 4040 in
1004 3985 1102 4040 habitu
1128 3983 1247 4039 seculari
1271 3983 1440 4037 constitutus

334 4069 492 4127 corredium
516 4083 582 4124 curn
606 4085 700 4123 annua
724 4084 820 4122 marca
844 4079 1000 4122 memorata
1024 4067 1088 4122 ioco
1111 4077 1139 4121 et
1163 4067 1249 4121 modo
1278 4065 1440 4136 supradicto

333 4157 469 4230 percipiet
486 4165 515 4212 et
532 4155 658 4211 habebit.

389 4245 588 4302 concessimus
618 4244 709 4298 eciam
739 4242 832 4299 eidem
863 4243 1018 4312 Capeliano
1049 4241 1096 4312 qui
1126 4257 1177 4311 pro
1204 4249 1331 4311 tempore
1358 4238 1441 4294 fuerit

334 4333 476 4390 sufficiens
498 4342 526 4387 et
547 4331 698 4385 honestum
716 4329 875 4399 hospicium
893 4329 922 4383 in
941 4328 1019 4383 curia
1037 4325 1243 4381 Elemosinarie
1261 4335 1356 4381 nostre
1375 4342 1440 4380 curn

333 4417 488 4490 capellanis
506 4425 534 4472 et
553 4413 661 4470 clericis
680 4413 784 4468 nostris
803 4412 908 4468 ibidem
926 4411 1175 4468 commorantibus
