3188 5078
127 381 201 484 vn]
481 384 520 457 T
513 396 645 480 enanis
671 385 711 460 in
737 384 939 460 Bamwell
1164 405 1231 478 321

197 573 293 637 Idem
318 571 502 637 NichoIaus
525 582 619 638 tenet
639 593 740 638 unam
763 571 938 644 dimidiam
962 591 1075 636 acram
1099 580 1184 635 terre
1206 569 1238 632 in

128 675 299 744 Meldiche
324 687 359 741 et
386 676 495 742 reddit
518 698 577 761 per
602 697 727 742 aunum
753 677 802 760 .vj.
830 677 985 742 denarios
1008 676 1124 761 [quam
1151 693 1240 739 nunc

81 804 84 811 ’
129 791 223 846 tenet
246 780 420 847 Gaiiridus
437 781 570 866 Dallis].

196 885 301 968 Hugo
331 885 373 949 de
402 885 571 951 Neidham
598 896 692 952 tenet
718 907 819 951 vnam
846 885 996 969 placeam
1028 905 1179 960 vacuam,
1205 893 1239 948 et

11 987 15 992 ’
127 989 239 1056 reddit
261 1008 465 1073 perannum
489 989 564 1073 .viij.
588 990 743 1056 denarios
755 1012 763 1070 ;
789 990 906 1074 [quam
930 1010 1019 1054 nune
1041 999 1135 1055 tenet
1156 1008 1239 1052 vxor

126 1092 300 1177 eiusdem}

195 1197 399 1264 Laurencius
417 1199 500 1264 Dixi
516 1208 610 1264 tenet
624 1219 726 1264 vnum
744 1199 953 1282 mesuagium
973 1198 1016 1262 ad
1035 1195 1145 1280 capud
1160 1196 1238 1261 ville

126 1303 217 1384 quod
236 1301 297 1367 suit
313 1301 453 1367 Gaisridi
472 1303 613 1387 Aylene,
628 1313 663 1367 et
681 1303 792 1368 reddit
807 1323 1007 1387 perannum
1024 1322 1066 1365 .x.
1082 1301 1237 1365 denarios

126 1404 232 1489 [quod
251 1427 338 1470 nunc
354 1417 448 1472 tenet
462 1407 634 1490 Johannes
649 1407 748 1472 Vessi
764 1409 807 1472 de
824 1405 1062 1490 Cantebrigia].

196 1509 291 1574 Idem
324 1509 528 1575 Laurencius
558 1519 651 1596 tenet
677 1531 780 1576 vnum
809 1512 1017 1604 mesuagium
1044 1511 1142 1574 iuxta
1167 1529 1236 1573 me·

125 1615 281 1697 suagium
310 1615 440 1680 NicoIai
463 1616 506 1680 de
531 1616 717 1681 Infirmaria
739 1627 774 1682 et
796 1617 906 1682 reddit
932 1637 991 1700 per
1017 1635 1142 1680 annum
1169 1612 1236 1696 .xij.

125 1719 290 1783 denarios.

194 1822 363 1888 Galsridus
393 1823 480 1888 filius
511 1826 641 1890 Yuonis
671 1826 743 1890 coci
774 1834 867 1890 tenet
896 1845 1000 1889 vnum
1027 1824 1236 1907 mesuagium

126 1929 218 2011 quod
236 1928 297 1993 iuit
313 1927 445 1992 Yuonis
462 1930 565 2012 patris
580 1931 630 1993 sui
646 1940 680 1993 et
697 1930 807 1994 reddit
822 1930 862 2011 .ij.
879 1929 1013 2006 solidos,
1026 1929 1066 2011 .ij.
1082 1947 1237 2010 capones,

125 2032 167 2114 .ij.
184 2033 355 2116 precarias.

193 2136 363 2201 Walterus
393 2138 436 2202 de
467 2138 628 2204 Borwelle
658 2148 751 2204 tenet
777 2158 879 2202 vnum
908 2137 1116 2220 mesuagium
1144 2135 1235 2219 quod

125 2242 298 2324 quondam
329 2241 392 2306 fuit
430 2243 566 2307 Henrici
598 2243 682 2308 Iabri
712 2254 746 2308 et
777 2243 886 2308 reddit
916 2263 975 2326 per
1005 2261 1129 2306 annum
1161 2239 1238 2323 .viij.

125 2344 281 2410 denarios
306 2345 411 2430 [quod
436 2367 525 2411 nunc
549 2357 642 2412 tenet
665 2347 836 2429 Johannes
858 2349 902 2412 de
925 2344 1095 2430 Costone}

192 2449 363 2532 Johannes
383 2451 427 2514 de
443 2449 590 2515 Costone
609 2461 701 2516 tenet
717 2471 820 2515 vnum
842 2450 1050 2533 mesuagium
1066 2448 1157 2533 quod
1174 2447 1235 2512 suit

127 2551 270 2618 Galsridi
296 2555 339 2618 de
367 2555 529 2620 Borwelle
555 2565 589 2620 et
616 2556 727 2620 reddit
752 2555 817 2638 .iiij.
845 2554 979 2628 solidos,
1006 2554 1046 2636 .ij.
1073 2553 1237 2631 denarios,

124 2657 167 2741 .ij.
183 2679 337 2742 capones,
352 2659 416 2741 .iiij.
434 2662 605 2743 precarias.

192 2763 342 2827 Thomas
365 2763 532 2846 Stebbing
552 2776 645 2830 tenet
663 2784 766 2829 vnum
788 2763 995 2847 mesuagium
1017 2760 1109 2846 quod
1130 2781 1236 2845 quon·

126 2865 206 2930 dam
222 2867 285 2930 fuit
302 2867 442 2931 Roberti
458 2866 539 2932 Coei
555 2877 589 2932 et
605 2868 715 2932 reddit
730 2889 790 2951 per
804 2886 931 2930 annum
947 2866 1000 2949 .iij.
1015 2865 1148 2929 solidos.

195 2971 300 3054 Hugo
321 2970 412 3036 saber
435 2983 527 3037 tenet
547 2993 650 3036 vnum
675 2973 882 3055 mesuagium
907 2973 1004 3035 iuxta
1026 2969 1235 3052 mesuagium

126 3074 207 3139 dicti
231 3075 364 3140 Thome
387 3075 562 3160 Stebbing,
578 3087 612 3141 et
636 3077 746 3141 reddit
761 3097 820 3161 per
840 3096 966 3140 annum
989 3075 1052 3158 .vij.
1073 3075 1235 3140 denarios

194 3173 290 3237 Idem
323 3173 428 3258 Hugo
454 3185 546 3240 tenet
572 3197 676 3240 vnum
707 3177 915 3259 mesuagium
946 3176 1037 3259 quod
1064 3175 1234 3258 quondam

126 3275 190 3339 Iuit
204 3275 366 3358 Johannis
381 3278 424 3340 de
441 3276 554 3355 Thou,
569 3287 603 3342 et
619 3277 730 3343 reddit
745 3297 944 3360 perannum
961 3298 998 3340 .v.
1016 3275 1149 3340 solidos.

194 3379 288 3443 Idem
303 3380 420 3464 Hugo¹
432 3391 526 3446 tenet
541 3403 642 3446 vnam
658 3401 769 3446 acram
786 3392 872 3446 terre
884 3401 999 3446 uersus
1012 3380 1236 3464 Steresbrege,

125 3491 161 3547 et
181 3482 290 3547 reddit
311 3503 370 3566 per
389 3505 515 3550 annum
534 3507 603 3550 ‚xre
623 3487 777 3550 denarios
793 3485 834 3569 .ij.
849 3505 995 3570 capones
1010 3483 1128 3568 [modo
1143 3493 1236 3548 terret

128 3585 317 3651 Willelmus
334 3586 448 3670 Roger
463 3607 553 3652 anno
568 3590 696 3653 domiui
718 3589 821 3674 1461}

195 3689 289 3754 Idem
306 3690 410 3774 Hugo
426 3700 520 3756 tenet
535 3712 635 3756 vnam
652 3692 825 3758 dimidiam
843 3713 954 3758 acram
970 3703 1055 3758 terre
1071 3695 1235 3758 iacentem

126 3794 161 3857 in
178 3793 326 3859 Meldich
342 3806 376 3860 et
392 3796 502 3862 reddit
518 3817 717 3881 perannum
735 3797 785 3881 .vj.
802 3799 964 3862 denarios.

192 3900 356 3966 Ricardus
395 3901 504 3966 Linke
539 3912 632 3967 tenet
666 3923 769 3968 vnum
806 3903 1015 3986 mesuagium
1052 3903 1142 3987 quod
1174 3901 1236 3967 suit

126 4003 279 4070 Siluestri
296 4006 405 4070 LInke
425 4015 459 4070 et
478 4006 588 4071 reddit
604 4025 803 4089 perannum
821 4006 861 4089 .ij.
878 4006 1003 4072 solidos
1020 4005 1124 4090 [quod
1146 4025 1235 4070 nunc

124 4117 219 4173 tenet
234 4108 321 4174 filius
337 4108 418 4173 dieti
436 4109 596 4192 Ricardi].

194 4211 386 4296 Stephanus
411 4215 455 4278 de
482 4214 640 4278 Pinecote
667 4223 760 4279 tenet
783 4235 885 4280 vnum
912 4214 1119 4298 mesuagium
1145 4213 1235 4298 quod

126 4315 189 4382 suit
204 4317 283 4382 Ade
300 4315 426 4396 Oliuer,
441 4327 475 4383 et
491 4318 602 4383 reddit
618 4339 816 4402 perannum
833 4319 875 4402 .ij.
892 4317 1026 4383 solidos.

177 4447 187 4478 ²
205 4447 273 4501 Oret
285 4449 364 4516 Hugo
375 4451 396 4502 is
409 4451 506 4502 written
519 4452 545 4502 iu
556 4468 573 4502 a
583 4451 651 4502 haud
663 4451 693 4502 oi
701 4450 743 4502 the
757 4452 815 4515 15111
826 4459 944 4514 eenmryr
957 4449 1099 4501 willelmus
1112 4451 1204 4514 Roget.

208 4575 235 4620 C·
1118 4580 1152 4618 21
