3188 5078
389 388 461 475 316
667 381 705 453 T
698 389 830 454 enanis
854 381 894 453 z'n
930 379 1195 476 Whittlesford
1381 379 1492 478 [aoox

385 563 438 646 iij.
470 563 576 642 rodas,
608 565 693 628 inter
729 573 850 628 terram
884 563 1072 628 Alexandri
1105 562 1266 647 prepositi
1302 575 1340 628 et
1375 575 1491 628 terram

387 667 525 750 predicti
555 667 706 751 Philippi.
754 669 850 732 Idem
877 667 1007 750 Symon
1034 677 1127 732 tenet
1157 668 1189 730 in
1221 669 1345 734 eodem
1376 689 1493 752 campo

385 767 476 850 apud
493 767 611 830 Tostes
627 766 678 847 iij.
695 767 803 841 rodas,
820 768 906 832 inter
921 777 1042 832 terram
1064 767 1206 851 Philippi
1223 767 1267 832 de
1283 768 1491 852 Scyrebume

384 881 419 934 et
435 881 555 935 terram
575 871 762 953 Margarete
779 870 875 935 Goui.

452 975 565 1040 Adam
585 974 615 1040 ie
637 975 774 1041 Chaneu
796 984 889 1039 tenet
910 977 942 1038 in
964 973 1154 1058 Briggeseld
1177 997 1215 1040 .v.
1234 996 1340 1052 acras,
1354 996 1490 1061 quarum

385 1101 450 1144 vna
470 1101 547 1144 acra
566 1091 600 1144 et
621 1081 760 1145 dimidia
782 1081 890 1145 iacent
912 1082 1007 1144 iuxta
1030 1091 1151 1146 terram
1174 1081 1313 1164 predicti
1339 1080 1489 1164 Philippi,

384 1198 419 1251 et
448 1186 605 1250 abuttant
631 1206 730 1268 super
756 1196 877 1249 terram
903 1185 1042 1248 Walteri
1070 1185 1102 1250 le
1129 1186 1350 1268 Frankeleyn.
1398 1184 1488 1249 Idem

385 1299 479 1354 tenet
494 1289 523 1371 .j.
539 1309 650 1353 acram
671 1299 705 1353 et
724 1289 751 1371 .j.
772 1291 887 1354 rodam
910 1290 942 1353 In
964 1288 1084 1354 eodem
1105 1310 1225 1374 campo
1248 1291 1348 1354 iuxta
1371 1300 1487 1354 terram

385 1393 524 1478 predicti
548 1393 692 1476 Philippi
713 1403 748 1457 et
769 1403 889 1457 terram
907 1394 1101 1477 Baldewyni
1117 1394 1159 1459 de
1177 1394 1332 1476 Romely,
1347 1405 1382 1457 et
1398 1393 1488 1456 abut-

385 1507 458 1562 tant
479 1517 578 1580 super
598 1507 719 1560 terram
742 1497 891 1582 magistri
914 1496 1061 1562 Walteri.
1109 1499 1195 1562 Item
1216 1507 1309 1562 tenet
1323 1498 1379 1580 iij.
1397 1498 1489 1561 rodas

385 1603 418 1666 in
440 1603 559 1666 eodem
580 1622 701 1685 campo
722 1602 818 1666 iuxta
839 1613 961 1666 terram
977 1601 1141 1684 Johannis
1163 1601 1266 1678 Mille,
1283 1611 1318 1665 et
1336 1603 1488 1666 abuttant

385 1726 484 1790 super
510 1705 719 1770 Yeuestrate.
768 1705 853 1769 Item
881 1715 972 1769 tenet
999 1703 1028 1786 .j.
1054 1725 1167 1769 acram
1193 1715 1227 1769 et
1253 1704 1433 1768 dimidiam
1457 1705 1487 1766 in

385 1808 504 1873 eodem
539 1829 668 1892 campo,
701 1809 796 1872 iuxta
831 1817 952 1872 terram
985 1807 1178 1892 Baidewyni
1209 1809 1251 1872 de
1282 1807 1430 1890 Romeiy
1458 1817 1487 1870 et

384 1914 540 1976 abuttant
555 1933 655 1996 super
673 1922 795 1976 terram
812 1912 890 1976 Ade
907 1913 1106 1976 mercatoris.
1155 1913 1250 1977 Idem
1268 1911 1384 1975 Adam
1400 1921 1487 1976 tenet

385 2018 417 2080 in
437 2016 639 2082 Holmisield
657 2017 721 2098 iiij.
738 2037 830 2079 acras
844 2025 879 2080 et
894 2016 1069 2079 dimidiam
1085 2036 1226 2100 quarum
1239 2035 1305 2080 vna
1316 2037 1394 2079 acra
1406 2017 1486 2082 iacet

385 2123 481 2184 iuxta
497 2132 618 2185 terram
636 2121 775 2184 Walteri
788 2119 1046 2203 Waynesheued
1060 2129 1093 2184 et
1105 2119 1238 2185 abuttat
1249 2140 1350 2204 super
1360 2120 1484 2184 sladam

385 2225 544 2290 Willelmi
572 2227 604 2290 le
626 2226 780 2309 Spenser.
827 2225 913 2289 Item
941 2235 1033 2289 tenet
1055 2244 1155 2288 vnam
1178 2246 1289 2289 acram
1313 2226 1346 2288 in
1370 2227 1484 2290 eodem

272 2345 286 2393 s.
303 2345 370 2408 1761>
385 2351 505 2414 campo
537 2333 631 2396 iuxta
662 2340 782 2394 terram
812 2330 956 2414 Philippi
983 2331 1025 2394 de
1053 2330 1271 2413 Scyrebume,
1296 2339 1332 2393 et
1357 2329 1485 2394 abuttat

385 2456 483 2519 super
509 2446 630 2500 terram
657 2435 851 2518 Baldewyni
876 2434 1022 2518 Dakeny
1044 2455 1144 2519 super
1168 2433 1347 2519 Waytehil.
1394 2433 1483 2499 Idem

384 2549 476 2604 tenet
493 2539 524 2621 .j.
546 2559 657 2604 acram
679 2549 713 2604 et
733 2539 907 2603 dimidiam
930 2539 963 2601 in
984 2539 1103 2602 eodem
1125 2558 1246 2621 campo
1266 2558 1367 2621 super
1387 2537 1484 2621 Way·

384 2642 466 2707 tehil
487 2644 583 2707 iuxta
605 2654 726 2708 terram
747 2643 828 2706 dicti
853 2642 1007 2726 Philippi,
1031 2651 1065 2706 et
1087 2643 1220 2706 abuttat
1244 2663 1344 2726 super
1366 2653 1481 2707 terram

384 2748 465 2812 dicti
494 2747 694 2829 Baldewyni.
743 2747 828 2810 Item
857 2749 889 2810 in
917 2748 1036 2811 eodem
1064 2767 1184 2829 campo
1211 2747 1239 2830 .j.
1266 2767 1378 2810 acram
1405 2756 1483 2811 terre

385 2852 481 2916 iuxta
514 2862 634 2916 terram
665 2849 744 2914 Ade
781 2851 976 2914 Mercatoris
1005 2861 1040 2914 et
1069 2851 1202 2914 abuttat
1235 2870 1335 2933 super
1368 2861 1482 2915 terram

384 2956 524 3040 predicti
546 2956 748 3039 Baldewyni.
795 2957 890 3020 Idem
914 2955 1026 3019 Adam
1052 2964 1144 3020 tenet
1169 2957 1200 3018 in
1225 2954 1428 3020 Stonhilfeld
1448 2955 1484 3038 .ij.

384 3083 476 3127 acras
498 3074 531 3126 et
552 3061 668 3126 rodam
690 3063 786 3125 iuxta
806 3070 927 3124 terram
949 3060 1089 3142 predicti
1111 3059 1266 3142 Philippi,
1281 3069 1316 3122 et
1333 3059 1485 3124 abuttant

384 3189 483 3252 super
504 3178 625 3231 terram
642 3165 801 3230 Wiilelmi
824 3165 854 3229 Ie
870 3164 1023 3257 Spenser.
1072 3165 1158 3229 Item
1174 3175 1266 3228 tenet
1282 3164 1313 3246 .j.
1328 3185 1440 3229 acram
1455 3175 1486 3228 et

384 3272 412 3354 .j.
430 3272 545 3336 rodam
568 3272 600 3334 in
623 3272 742 3336 eodem
761 3291 883 3353 campo
899 3271 984 3334 inter
999 3281 1121 3334 terram
1137 3269 1277 3353 predicti
1296 3270 1441 3355 Philippi
1456 3281 1486 3335 et

384 3388 505 3441 terram
528 3376 690 3458 Johannis
714 3378 757 3440 de
781 3376 919 3460 Spayne
942 3377 1031 3458 apud
1058 3374 1355 3459 Longefurlonges.
1404 3377 1486 3440 Item

384 3491 476 3545 tenet
503 3480 532 3562 .j.
558 3480 733 3544 dimidiam
760 3501 871 3544 acram
899 3480 932 3543 in
958 3481 1077 3544 eodem
1105 3499 1226 3562 campo
1256 3479 1342 3543 inter
1368 3489 1487 3544 terram

383 3585 524 3670 predicti
542 3583 687 3668 Philippi
703 3594 738 3649 et
753 3594 874 3648 terram
896 3583 1031 3648 Ricardi
1052 3583 1248 3648 Marescalli.
1295 3585 1383 3649 Item
1401 3596 1489 3650 tenet

383 3691 411 3774 .j.
425 3689 599 3753 dimidiam
616 3709 726 3753 acram
743 3700 829 3752 terre
845 3689 878 3753 in
895 3691 1014 3754 eodem
1030 3709 1151 3774 campo
1167 3689 1264 3753 iuxta
1280 3698 1401 3754 terram
1420 3712 1490 3775 pre·

383 3795 464 3860 dicti
482 3793 637 3876 Philippi,
652 3803 686 3857 et
702 3792 834 3858 abuttat
850 3813 950 3876 super
966 3803 1089 3856 terram
1106 3793 1303 3876 Baldewyni
1320 3793 1477 3880 Dakeny.

1008 3897 1149 3962 Summa
1165 3895 1279 3961 totalis
1294 3897 1389 3980 aiiij.
1406 3920 1489 3965 acre

451 4003 525 4067 Hee
554 4001 728 4084 inquisicio
759 4000 847 4064 facta
875 4000 938 4064 suit
962 4021 1052 4064 anno
1080 4000 1172 4084 regni
1201 4001 1304 4083 Regis
1332 4001 1489 4068 Edwardi

249 4108 501 4191 1289-1290·XVIIj.⁰
521 4125 633 4170 coram
655 4106 793 4169 domino
816 4105 964 4189 Hugone
984 4107 1027 4170 de
1049 4103 1283 4188 Babingetone
1303 4115 1385 4170 tunc
1406 4109 1489 4172 vice·

383 4215 506 4280 comite
527 4210 751 4294 Cantebrigie‚
773 4223 807 4275 et
826 4213 959 4295 signata
980 4212 1044 4275 sub
1066 4210 1185 4294 sigillis
1205 4209 1273 4292 .xij.
1291 4210 1489 4294 juratorum,

383 4329 417 4383 et
454 4315 563 4400 sigillo
599 4315 703 4398 ipsius
734 4315 949 4390 vicecomitis,
977 4313 1152 4379 videlicet:
1190 4314 1354 4396 Johannis
1388 4317 1488 4394 Milic,

381 4422 545 4508 Johannis
567 4420 724 4498 Bernard,
744 4421 909 4503 Johannis
930 4420 961 4485 le
984 4423 1108 4497 Porter‚
1124 4419 1285 4485 Wiilelmi
1304 4420 1336 4484 le
1357 4423 1488 4500 Macun,
