3212 5064
355 375 403 448 86
658 373 786 448 Deatlz
812 375 859 472 of
880 376 1028 451 Gilbert
1049 377 1167 452 Peche
1343 379 1462 479 [Boou

353 555 503 612 occasione
516 556 552 611 de
564 554 641 610 dicto
652 555 748 610 Priore
757 556 866 627 ceperis
875 557 1031 614 deliberare
1043 559 1139 616 iacias
1165 561 1252 616 Teste
1263 558 1417 633 J[obanne]
1426 561 1464 616 de

356 644 461 699 Sancto
471 644 613 700 walerico
622 656 695 699 x1111
704 687 710 700 .
719 644 766 701 die
777 646 909 702 Octobris
919 648 994 717 apud
1005 647 1290 704 westmonasterium
1300 666 1376 705 anno
1383 649 1463 720 regni

353 733 442 786 nostri
456 731 542 788 tercio
554 749 604 804 per
616 734 739 788 rotulum
751 733 880 788 eiusdem
893 734 968 789 anni.

471 907 520 955 21.
565 889 764 956 Inrotulacio
785 892 834 956 ad
853 891 1061 958 Scaccarium
1084 907 1159 959 .1111.
1183 893 1346 960 libranum

757 1005 790 1060 et
810 1011 853 1061 ,x
876 996 1062 1062 solidorum.

191 1169 338 1212 eminens
421 1143 461 1208 In
487 1143 597 1208 rotulo
621 1145 709 1208 sexti
734 1146 813 1208 anni
841 1146 943 1228 Regis
972 1147 1129 1213 Edwardi
1156 1149 1345 1213 continetur
1370 1147 1461 1232 quod

190 1221 297 1274 ‘’n-⁷²
355 1248 516 1314 Canonici
538 1249 582 1341 de
606 1249 808 1313 Bernewelle
834 1250 959 1314 debent
981 1265 1057 1316 ,1111.
1081 1252 1181 1317 libras
1204 1267 1247 1318 .x.
1271 1252 1395 1317 solidos
1418 1253 1462 1318 de

355 1353 540 1417 remanenti
564 1351 659 1416 firme
684 1353 728 1418 de
754 1353 950 1419 Cestertone
975 1356 1162 1440 dequibus
1187 1357 1340 1440 Rogerus
1360 1357 1462 1424 debet

354 1455 474 1539 ip[s]os
500 1456 690 1538 acquietare
713 1457 798 1521 sicut
822 1459 1025 1540 recognouit‚
1047 1469 1081 1523 et
1101 1461 1187 1524 sicut
1211 1461 1400 1524 continetur
1427 1462 1460 1524 in

355 1559 609 1644 memor[andis]
624 1561 702 1624 anni
718 1561 828 1643 quarti
842 1583 848 1639 ;
872 1572 905 1625 et
920 1571 999 1626 sunt
1014 1562 1175 1628 Canonici
1191 1564 1304 1647 quieti.

378 1765 428 1814 22.
471 1749 523 1813 De
536 1749 645 1833 fimo
666 1749 706 1813 de
729 1749 907 1816 Cestertone
926 1772 1067 1816 concessa
1089 1750 1231 1816 Domino
1256 1751 1293 1816 G.
1316 1751 1439 1815 Pecche.

190 1895 335 1988 ggffiflf
408 1902 582 1957 Eadwardus
606 1901 652 1958 dei
676 1902 773 1972 gracia
795 1903 856 1958 Rex
877 1903 985 1973 Anglk,
1007 1903 1147 1959 Dominus
1171 1903 1323 1974 Hybemie,
1344 1914 1372 1959 et
1395 1905 1462 1959 Dux

207 1995 339 2088 ffidm
352 1991 551 2063 Aequitannie,
564 1991 668 2047 dilecto
680 2002 708 2047 et
720 1991 795 2047 fideli
814 2009 865 2047 suo
883 1993 970 2048 Priori
986 1993 1022 2048 de
1039 1994 1210 2048 Bernewelle
1223 1994 1349 2049 salutem.
1388 1995 1461 2049 Cum

189 2095 321 2139 coortum
353 2079 514 2136 dederimus
533 2089 562 2134 et
580 2079 804 2136 concesserimus
824 2079 928 2136 dilecto
949 2092 978 2137 et
999 2081 1072 2137 fideli
1093 2091 1190 2136 nostro
1216 2081 1342 2137 Gilberto
1368 2083 1463 2138 Peche

190 2144 327 2239 fgffisffi
353 2167 464 2223 firmam
476 2177 603 2222 nostram
614 2167 681 2222 ville
693 2179 789 2224 nostre
801 2169 838 2223 de
852 2169 1024 2236 Cestertone,
1037 2170 1174 2240 usquead
1188 2186 1329 2224 summam
1346 2168 1462 2238 triginta

189 2253 310 2348 {mm
353 2256 435 2312 unius
459 2256 603 2323 librarum,
623 2255 785 2310 habendam
810 2265 837 2310 et
862 2257 1013 2310 tenendam
1037 2257 1131 2312 eidem
1154 2258 1282 2313 Gilberto
1307 2258 1343 2312 ad
1369 2268 1460 2312 totam

188 2297 280 2402 ³080ss
352 2343 441 2398 vitam
454 2359 536 2398 suam
548 2359 612 2398 cum
625 2343 757 2398 omnibus
775 2344 812 2397 ad
829 2343 944 2398 easdem
964 2344 1074 2397 firmam
1092 2355 1119 2398 et
1133 2345 1227 2400 villam
1246 2345 1459 2416 pertinentibus,

243 2426 248 2439 '
353 2442 434 2503 prout
456 2431 486 2487 in
511 2442 590 2487 carta
615 2442 713 2487 nostra
736 2431 762 2486 ei
783 2431 849 2486 inde
874 2431 1002 2486 confecta
1026 2431 1135 2502 plenius
1160 2433 1337 2489 continetur:
1369 2432 1460 2489 Vobis

352 2521 523 2576 mandamus
535 2521 612 2593 quod
624 2520 717 2576 cidem
732 2517 884 2592 G[ilbert0]
897 2531 1031 2591 tanquam
1048 2521 1164 2576 domino
1177 2532 1272 2577 uestro
1284 2523 1314 2576 in
1326 2521 1459 2577 omnibus

351 2626 407 2679 que
431 2609 470 2664 ad
493 2608 635 2681 predictas
662 2608 758 2663 villam
782 2618 811 2663 et
835 2607 945 2662 firmam
970 2607 1110 2678 pertinent
1137 2609 1317 2664 intendentes
1346 2609 1407 2664 sitis
1430 2619 1460 2663 et

242 2694 260 2744 s·
278 2710 310 2759 30
321 2693 339 2744 b
351 2696 556 2768 respondentes
571 2707 602 2752 ut
618 2696 776 2768 predictum
793 2706 843 2751 est.
882 2697 920 2750 Et
936 2697 1027 2751 eidem
1046 2696 1200 2766 predictam
1217 2698 1328 2754 finnam
1341 2697 1460 2752 soluatis

351 2784 388 2839 ad
401 2785 517 2839 eosdem
530 2784 665 2840 terminos
681 2784 718 2839 ad
734 2801 806 2856 quos
821 2800 885 2838 eam
902 2783 1010 2838 soluere
1025 2784 1212 2840 consueuistis
1229 2785 1266 2838 ad
1283 2785 1458 2840 scaccarium

351 2883 487 2927 nostrum.
524 2873 584 2927 Vos
602 2871 677 2928 enim
691 2873 727 2927 de
739 2871 867 2942 predicta
878 2872 968 2938 firma,
982 2887 1032 2942 pro
1045 2871 1127 2927 nobis
1140 2882 1167 2926 et
1180 2871 1330 2928 heredibus
1343 2873 1457 2939 nostris,

351 2961 380 3015 in
392 2970 453 3016 tota
464 2961 523 3016 vita
539 2959 657 3033 predicti
675 2960 795 3015 Gilberti
812 2959 1004 3032 acquietamus
1022 2977 1072 3030 per
1088 2970 1241 3030 presentes.
1281 2961 1313 3015 ln
1327 2958 1406 3014 cuius
1418 2959 1460 3014 rei

351 3047 544 3104 testimonium
564 3048 616 3102 has
635 3047 743 3102 litteras
763 3057 875 3102 nostras
894 3045 961 3100 inde
981 3045 1040 3101 fieri
1060 3045 1177 3101 lecimus
1197 3055 1334 3116 patentes.
1372 3047 1459 3101 Teste

350 3137 481 3206 Jobanne
492 3138 529 3192 de
544 3137 677 3206 Kyrlreby
687 3135 877 3192 Thesaurario
886 3145 984 3190 nostro
994 3135 1069 3205 apud
1081 3135 1363 3190 westmonasterium
1371 3145 1458 3190 xxx,

352 3223 399 3279 die
419 3223 560 3292 Octobris,
582 3240 658 3278 anno
678 3223 757 3293 regni
783 3221 869 3278 nostri
895 3221 1073 3277 duodecimo.
1112 3223 1165 3277 Per
1190 3222 1274 3276 breue
1296 3221 1331 3277 de
1353 3237 1459 3290 magno

352 3311 452 3384 sigillo.

635 3444 683 3508 23.
728 3426 781 3490 De
800 3426 888 3491 obitu
913 3425 1054 3490 Gilberti
1073 3423 1182 3490 Peclu.

417 3581 521 3646 Anno
562 3583 655 3666 regni
693 3581 779 3664 regis
819 3580 996 3645 Eadwardi
1037 3585 1134 3644 .xlx⁰.
1175 3578 1261 3660 obijt
1301 3577 1459 3642 dominus

352 3685 522 3752 Gilbertus
546 3688 674 3752 Pecche
696 3688 751 3751 die
775 3686 890 3775 Sancti
913 3684 1040 3748 Vrbani
1064 3703 1160 3768 pape,
1183 3683 1308 3746 scilicet
1332 3681 1366 3746 in
1392 3681 1459 3746 fine

238 3865 244 3879 Ι
285 3819 291 3841 ·
352 3791 444 3874 Maij.
491 3791 537 3856 Et
561 3792 734 3856 sciendum
761 3791 852 3875 quod
879 3809 969 3853 anno
992 3790 1036 3852 de
1060 3788 1203 3852 termino
1232 3787 1358 3851 Pasche
1384 3808 1458 3871 pre·

350 3898 491 3962 cedente
512 3900 636 3979 recepit
657 3897 813 3960 dominus
830 3894 870 3959 G.
887 3893 1014 3957 Pecche
1035 3891 1164 3956 firmam
1187 3891 1229 3955 de
1251 3891 1459 3967 Cestertone,

348 3999 581 4065 videlicet.XV.
592 4001 693 4064 libras
705 4009 739 4064 et
749 4012 793 4063 x.
803 3997 937 4062 solidos.
964 3996 1011 4060 Et
1021 3997 1053 4059 in
1065 3995 1151 4060 sesto
1163 3995 1268 4060 sancti
1283 3994 1459 4059 Michaelis

348 4114 508 4188 sequente
523 4103 635 4168 soluta
650 4103 712 4168 suit
728 4102 824 4167 firma
835 4101 878 4166 ad
891 4101 1092 4165 scaccarium
1105 4110 1139 4163 et
1151 4119 1250 4182 super
1261 4108 1457 4182 compotum

348 4209 554 4273 vicecomitis
584 4207 764 4271 allocatum
797 4206 860 4270 tuit
892 4203 995 4269 Priori
1026 4205 1183 4288 quicquid
1215 4202 1362 4267 solutum
1394 4202 1457 4268 suit

347 4313 486 4376 domino
517 4311 669 4377 Gilberto
700 4311 828 4376 Pecche
854 4329 913 4392 per
943 4309 1088 4373 litteram
1117 4315 1289 4392 patentem
1318 4305 1457 4370 Domini

349 4416 452 4500 Regis
474 4416 567 4481 cuius
590 4425 686 4480 tenor
709 4415 808 4498 plene
830 4413 1021 4478 continetur
1044 4413 1203 4496 superius.
