3212 5064
178 370 226 470 11]
498 373 643 448 Serm'ce
668 373 717 471 of
737 373 958 448 Cumberton
1236 397 1283 468 93

215 572 264 639 35.
308 558 362 622 De
380 559 483 622 decem
505 559 620 624 solidis
642 559 788 624 redditus
809 581 848 624 err
867 559 949 624 dono
974 557 1109 624 Comitis
1131 558 1254 624 Dauid.

243 713 279 797 Sj
318 715 402 781 sorte
437 728 595 800 queratur
628 717 743 800 aliquo
772 728 923 801 tempore
953 739 1021 801 quo
1051 726 1201 782 waranto
1232 716 1285 781 uel
1298 734 1417 838 mpetu:

178 837 245 900 quo
274 819 344 884 iure
374 821 525 884 canonici
554 822 742 905 percipiunt
768 823 956 905 predictos.
971 835 1014 885 x.
1028 820 1154 885 solidos
1180 840 1282 885 annui
1298 835 1442 930 ”mffi

178 922 327 987 redditus
348 924 391 987 ab
412 924 492 1008 ipsis
514 924 734 1007 burgensibus
751 924 986 1008 Cantebrigie;
1009 926 1061 990 vel
1078 926 1105 989 si
1122 925 1206 989 sorte
1223 923 1284 1008 ipsi
1298 887 1410 1030 ᾗῇ

178 1027 358 1111 burgenses
381 1030 485 1094 uelint
506 1030 701 1096 subtrahere
722 1030 889 1095 redditum
911 1033 1097 1115 predictum
1115 1031 1222 1094 donec
1238 1030 1285 1094 eis
1299 1036 1421 1132 mnf

178 1132 374 1198 ostendatur
393 1144 485 1200 carta
509 1135 651 1201 Comitis
675 1135 809 1214 Dauid;
837 1146 917 1199 tunc
941 1135 1211 1219 respondendum
1235 1139 1393 1198 estbrfflt‘·

178 1239 242 1301 sic:
276 1237 377 1323 Quod
405 1238 574 1304 Walterus
601 1241 643 1304 de
670 1239 890 1304 Wissendene
913 1240 1006 1305 dedit
1029 1241 1076 1304 eis
1100 1239 1285 1321 predictum

179 1343 345 1408 redditum
359 1395 366 1410 .
379 1360 405 1408 x
415 1394 421 1409 .
432 1345 614 1409 solidorum
631 1344 772 1427 singulis
786 1345 882 1408 annis
898 1345 1130 1429 inperpetuum
1146 1344 1190 1407 ab
1206 1343 1287 1427 ipsis

178 1447 398 1530 burgensibus
426 1448 639 1531 Cantebrigie
666 1447 902 1532 recipiendum,
925 1468 1025 1531 quern
1048 1446 1184 1529 quidem
1212 1445 1286 1512 red-

179 1551 287 1616 ditum
310 1554 398 1617 idem
415 1552 584 1617 Walterus
606 1553 687 1616 emit
707 1553 751 1616 de
766 1551 899 1615 Thoma
915 1551 1005 1615 dela
1021 1551 1237 1628 Warderobe,
1252 1561 1288 1615 et

178 1655 234 1720 ille
255 1656 406 1720 Thomas
426 1657 469 1721 de
492 1657 642 1720 Roberto
664 1655 732 1720 filio
754 1655 900 1732 Martini,
917 1666 950 1721 et
972 1656 1027 1720 ille
1052 1656 1220 1720 Robertus
1244 1655 1286 1720 de

180 1756 325 1823 Ricardo
361 1760 430 1824 filio
460 1760 629 1834 Willelmi,
660 1769 695 1824 et
726 1761 781 1824 ille
812 1760 976 1825 Ricardus
1008 1760 1094 1824 filius
1125 1760 1286 1825 Willelmi

179 1859 295 1925 habuit
322 1861 603 1928 illos.x.s01id0s
628 1883 689 1948 pro
713 1864 853 1928 seruicio
877 1884 939 1928 suo
962 1864 1024 1928 sibi
1049 1874 1084 1929 et
1109 1864 1287 1930 heredibus

179 1965 247 2028 suis
266 1965 319 2030 vel
341 1967 408 2029 suis
427 1967 604 2049 assignatis
626 1967 860 2051 inperpetuum
882 1989 927 2032 ex
947 1968 1133 2032 donacione
1154 1969 1287 2032 comitis

181 2061 293 2128 Dauid
310 2065 352 2128 de
368 2067 472 2130 tercio
487 2067 625 2129 denario
641 2087 702 2130 suo
717 2065 760 2130 de
776 2066 999 2149 Cantebrigia.

451 2283 501 2362 36.
547 2281 718 2347 Seriancia
741 2283 781 2348 de
806 2281 1024 2348 Cumbertone,

245 2435 415 2502 Seriancia
431 2437 570 2501 Roberti
586 2438 629 2501 de
647 2437 820 2521 Herdwyk
837 2439 870 2501 in
887 2437 1123 2512 Cumbertone,
1141 2457 1202 2521 pro
1217 2457 1284 2521 qua
1300 2453 1369 2546 {ppt
1376 2452 1425 2544 {¹22

178 2540 294 2606 debuit
307 2540 390 2606 ferre
407 2542 555 2606 Domino
573 2542 658 2624 Regi
675 2541 813 2624 singulis
825 2542 943 2605 diebus
956 2562 1058 2606 vnum
1071 2541 1284 2624 syminellum
1299 2555 1454 2646 ssffnssffl}

177 2645 323 2710 calidum
350 2648 393 2710 ad
422 2646 598 2730 prandium
623 2667 730 2724 suum,
754 2657 788 2711 et
813 2668 873 2729 pro
896 2647 960 2711 hoc
984 2647 1124 2712 seruicio
1148 2647 1285 2711 deberet
1299 2652 1418 2747 10·ξὲξῇ

177 2751 267 2814 idem
281 2750 448 2814 Robertus
460 2749 582 2814 habere
594 2751 743 2832 qualibet
759 2752 947 2834 septimana
962 2772 1064 2816 vnum
1081 2751 1284 2835 quarterium
1297 2762 1350 2798 ἴση·

179 2854 333 2920 frumenti
354 2866 388 2919 et
409 2866 516 2919 totum
538 2854 642 2919 suriur
662 2854 705 2920 de
726 2857 895 2921 dominico
918 2877 1006 2939 pane
1027 2855 1155 2921 domini
1174 2856 1285 2939 Regis.

180 2959 227 3023 Et
253 2960 397 3024 alienata
421 2971 472 3025 est
498 2959 660 3023 seriancia
686 2959 742 3023 illa
773 2981 832 3043 per
862 2973 981 3044 partes,
1009 2961 1098 3024 unde
1130 2961 1222 3024 Prior
1252 2970 1286 3024 et

178 3064 329 3128 canonici
365 3064 408 3128 de
441 3063 643 3129 Bernewelle
679 3075 795 3128 tenent
830 3067 941 3130 sexies
971 3065 1089 3148 viginti
1121 3074 1155 3128 et
1184 3085 1284 3129 vnam

179 3188 290 3234 acram
314 3179 408 3246 terre,
432 3190 498 3252 que
524 3170 637 3234 ualent
662 3191 722 3252 per
745 3191 869 3235 annum
895 3171 1074 3254 sexaginta
1099 3170 1225 3233 solidos
1251 3180 1285 3234 et

179 3293 240 3337 sex
263 3273 438 3351 denarios;
461 3283 592 3338 etcum
616 3274 707 3338 Prior
730 3275 884 3351 uenisset,
906 3273 1007 3339 finem
1031 3273 1109 3338 inde
1132 3273 1285 3350 facturus,

180 3375 346 3442 Dominus
373 3377 452 3442 Rex
478 3377 520 3441 de
546 3379 658 3460 gracia
684 3399 744 3442 sua
770 3378 906 3461 speciali
933 3379 1097 3442 concessit
1127 3378 1284 3461 predictis

180 3481 282 3546 Priori
313 3491 346 3546 et
377 3481 556 3547 Canonicis
586 3481 629 3546 de
655 3483 859 3547 Bernewelle
890 3484 981 3566 quod
1012 3483 1142 3566 possint
1172 3492 1316 3548 tenerer.
1334 3497 1394 3562 331>

179 3589 346 3673 predictas
360 3589 491 3652 sexcies
505 3589 623 3672 viginti
640 3599 674 3652 et
689 3608 791 3651 vnam
807 3607 918 3652 acram
935 3598 1021 3651 terre
1037 3587 1079 3651 de
1096 3587 1169 3670 ipso
1191 3585 1285 3668 Rege

178 3703 213 3758 et
233 3692 409 3758 heredibus
430 3691 498 3756 suis
519 3713 580 3776 pro
600 3691 741 3756 dimidia
762 3711 875 3755 marca
895 3711 955 3775 per
975 3710 1100 3755 annum
1117 3710 1177 3773 pro
1193 3689 1284 3753 omni

178 3797 317 3862 seruicio
334 3817 392 3880 per
407 3797 507 3860 breue
523 3795 616 3859 cuius
632 3807 738 3870 tenor,
752 3805 813 3859 etc.

296 4023 344 4091 37.
389 4006 494 4072 Breue
514 4006 616 4090 Regis
637 4007 676 4069 de
699 4005 872 4071 Senbncia
894 4005 934 4068 de
956 4005 1170 4071 Cumbertone,

234 4160 398 4235 H[enricus]
410 4161 456 4217 dei
468 4161 565 4231 gracia
578 4162 638 4216 Rex
650 4160 752 4230 Anglie
761 4170 814 4215 etr„
853 4159 966 4214 Dilecto
974 4168 1004 4215 et
1014 4158 1087 4214 fideli
1098 4176 1149 4214 suo
1160 4158 1285 4213 Roberto
1297 4165 1359 4209 'rhu
1367 4166 1427 4210 rene

179 4251 336 4307 Passelewe
346 4261 373 4306 et
384 4251 468 4321 socijs
479 4249 537 4304 suis
545 4249 712 4320 justiciariis
720 4249 757 4304 ad
765 4249 836 4303 fines
844 4247 981 4304 seriancie
995 4246 1147 4317 assignaris
1155 4245 1283 4300 salutern.
1296 4215 1430 4310 pppffieo

233 4337 335 4395 Sciatis
352 4337 430 4410 quod
448 4337 639 4394 concessimus
659 4337 746 4392 Priori
766 4337 803 4393 de
820 4336 989 4392 Bernewelle
1005 4335 1082 4405 quod
1098 4334 1160 4387 illas
1177 4333 1284 4389 sexcies

177 4425 279 4498 viginti
298 4437 326 4481 et
345 4443 429 4480 vnarn
452 4441 532 4480 acras
551 4437 623 4480 terre
642 4443 712 4496 quas
731 4434 808 4480 tenet
826 4424 862 4481 de
882 4421 1021 4479 seriancia
1038 4423 1074 4476 de
1094 4421 1284 4476 Cumbertone
