3212 5064
154 375 219 475 111]
438 379 573 453 Mabel
594 379 734 452 Howes
760 379 793 452 is
819 380 979 477 rejected
1195 403 1260 473 103

152 562 227 618 sicut
239 562 383 634 predictus
398 563 477 617 Prior
489 563 565 618 dicit.
603 565 641 618 Et
654 562 869 635 inquisicionem
887 581 973 636 quam
991 563 1057 620 inde
1075 565 1175 621 leceris
1192 568 1264 623 scire

151 651 242 706 iacias
267 651 427 706 iusticiariis
456 652 559 706 nostris
589 651 786 707 itinerantibus
811 654 887 723 apud
913 653 1038 707 Wiltone
1063 654 1091 708 in
1121 654 1264 711 Comitatu

152 739 279 793 Wiltone
293 756 315 794 a
336 737 382 792 die
405 739 493 794 Pasce
513 739 542 793 in
562 756 648 794 vnum
669 757 796 795 mensem
823 743 876 796 sub
901 741 994 811 sigillo
1020 753 1069 798 tuo
1095 754 1122 798 et
1149 743 1264 814 sigillis¹

151 843 250 882 eorum
263 843 315 897 per
326 842 445 896 quorum
458 839 666 883 sacramentum
680 828 895 899 inquisicionem
909 829 987 883 illam
1000 828 1108 900 seceris,
1121 831 1190 903 quia
1204 843 1263 887 tam

152 911 229 968 idem
251 915 334 984 prior,
356 930 442 985 quam
464 914 590 984 predicta
614 915 741 984 Mabilia,
764 916 836 970 inter
858 932 930 986 quos
952 917 1019 972 inde
1041 930 1084 973 est
1106 921 1263 990 contencio,

151 1013 306 1073 posuerunt
319 1020 351 1058 se
367 1003 433 1058 inde
450 1004 478 1057 in
496 1002 710 1074 inquisicionem
728 1004 825 1069 illam;
843 1017 871 1058 et
890 1005 996 1060 habeas
1015 1004 1052 1060 ibi
1071 1006 1125 1063 hoc
1138 1010 1223 1064 breue
1236 1022 1264 1065 et

151 1091 269 1145 nomina
286 1108 382 1146 eorum
398 1108 448 1163 per
464 1109 584 1164 quorum
601 1104 811 1148 sacramentum
827 1092 1043 1164 inquisicionem
1060 1095 1138 1150 illam
1154 1097 1261 1152 seceris.

152 1178 287 1234 'restibus
302 1181 338 1234 H.
352 1188 379 1234 et
392 1179 456 1234 aliis
468 1181 629 1252 iusticiarijs
642 1181 753 1236 nostris.

155 1317 201 1381 Et
229 1319 320 1383 Prior
347 1318 425 1383 iecit
451 1330 639 1385 attornatos
662 1320 852 1405 Johannem
878 1322 993 1386 Laane
1015 1335 1049 1386 et
1073 1322 1262 1390 Galiridum

154 1423 231 1489 Seic
247 1424 371 1488 ibidem
388 1445 499 1488 coram
515 1426 713 1509 Justiciarijs
730 1426 887 1510 predictis
904 1427 977 1490 loco
994 1448 1055 1492 suo
1071 1427 1114 1493 ad
1134 1429 1263 1495 lucran-

153 1525 235 1591 dum
251 1537 285 1592 et
301 1529 518 1612 perdendum.

210 1681 362 1753 inquisicio
375 1681 451 1737 sacta
460 1683 533 1736 inter
543 1682 668 1737 Priorem
680 1682 716 1738 de
732 1684 901 1738 Bernewelle
914 1694 942 1738 et
957 1684 1106 1740 Mabiliam
1118 1689 1263 1757 quondam
1277 1695 1330 1737 'rue
1350 1706 1397 1746 ure

153 1786 268 1825 uxorem
287 1769 406 1825 Galfridi
426 1770 462 1825 de
476 1771 582 1825 Howes
598 1771 634 1826 de
648 1787 703 1825 vno
717 1773 864 1842 mesuagio
876 1789 928 1826 .xx.
941 1773 1014 1826 acris
1027 1783 1099 1829 terre
1112 1785 1140 1830 et
1153 1776 1264 1832 duabus
1277 1746 1319 1838 iii:
1328 1745 1403 1838 eiiii„

153 1859 227 1914 acris
243 1860 316 1930 prati
333 1873 360 1914 et
378 1859 496 1915 dimidia
513 1877 578 1915 cum
595 1859 778 1931 pertinenciis
796 1862 825 1914 in
844 1861 1036 1932 Maddingele‚
1049 1880 1099 1934 per
1116 1865 1263 1920 dominum
1277 1845 1397 1938 fflffl

154 1947 327 2001 willelmum
344 1948 380 2002 de
395 1947 518 2016 Cheney‚
532 1947 679 2002 dominum
700 1948 853 2016 Hugonem
871 1947 906 2002 de
923 1951 1103 2017 Crowedene,
1116 1951 1263 2006 dominum

156 2034 327 2088 Nicholaum
344 2035 370 2090 le
388 2035 525 2102 Vauasar,
538 2036 685 2090 dominum
701 2035 862 2106 Johannem
881 2036 916 2090 de
935 2037 1029 2092 Beche
1047 2039 1160 2106 milites,
1174 2051 1201 2095 et
1214 2057 1264 2111 per
1277 2051 1294 2102 s,
1309 2053 1365 2115 37¹³

155 2123 328 2178 Willelmum
350 2125 385 2179 de
410 2125 438 2178 la
464 2125 564 2191 Mnrb’,
584 2135 611 2180 et
634 2123 809 2180 Willelmum
834 2126 860 2179 le
887 2127 965 2194 Puer,
991 2127 1144 2183 Ricardum
1167 2130 1263 2201 Jurde‚

156 2209 328 2265 Richardum
351 2211 520 2280 Belebuche,
539 2211 681 2265 Thomam
702 2211 839 2278 Bemard,
862 2211 1021 2268 Gilbertum
1042 2215 1068 2268 le
1095 2214 1172 2283 Knit,
1195 2217 1263 2270 Wil-

153 2297 268 2352 lelmum
293 2298 329 2353 de
355 2300 531 2365 Btakewelle,
556 2300 716 2369 Johannem
742 2299 778 2353 de
802 2299 951 2368 Grancete,
976 2301 1025 2371 qui
1054 2301 1152 2357 dicunt
1180 2319 1264 2372 super

153 2397 361 2441 sacramentum
384 2404 464 2442 suum
485 2388 562 2456 quod
584 2389 748 2456 Margareta
768 2397 858 2442 mater
881 2387 1000 2442 Galiridi
1020 2391 1055 2444 de
1079 2391 1183 2446 Howes
1205 2408 1262 2447 non

151 2474 242 2528 tenuit
261 2474 418 2544 predictum
437 2472 614 2544 mesuagium
632 2492 697 2528 curn
716 2475 814 2544 viginti
833 2474 907 2529 acris
925 2486 998 2531 terre
1014 2486 1043 2532 et
1061 2479 1172 2533 duabus
1190 2480 1262 2534 acris

152 2563 225 2631 prati
242 2573 270 2616 et
287 2562 406 2617 dimidia
423 2561 451 2616 in
469 2561 552 2616 ieodo
571 2573 599 2616 et
617 2562 773 2617 hereditate
791 2579 844 2617 nec
862 2562 927 2618 inde
940 2563 1011 2633 obijt
1025 2566 1129 2634 seysita
1143 2567 1215 2622 sicut
1227 2566 1263 2621 de

153 2649 245 2718 ieodo,
258 2666 350 2721 neque
368 2651 496 2720 predicta
514 2661 588 2705 terra
606 2661 670 2720 post
689 2661 809 2705 mortem
828 2652 917 2721 ipsius
938 2653 1099 2722 Margarete
1116 2654 1263 2710 descendit

152 2738 281 2809 predicto
291 2739 420 2794 Galirido
428 2739 486 2794 filio
495 2756 547 2793 suo
553 2739 616 2810 jure
626 2739 804 2808 hereditario,
815 2741 866 2794 sed
876 2741 952 2794 idem
963 2741 1108 2797 Galiridus
1118 2745 1262 2815 quondam

152 2827 197 2882 uir
209 2825 296 2897 ipsius
310 2827 428 2882 Mabilie
440 2844 495 2898 que
512 2845 587 2883 nunc
603 2829 673 2898 petit
687 2844 744 2882 non
760 2829 851 2884 tenuit
865 2828 1023 2899 predictam
1041 2844 1143 2885 terram
1157 2831 1211 2887 nisi
1225 2833 1262 2887 ad

152 2916 303 2970 terminum
320 2915 378 2969 uite
395 2932 453 2982 sue,
466 2927 494 2970 et
511 2917 565 2971 hoc
582 2933 632 2987 per
651 2917 826 2971 uoluntatem
844 2917 912 2971 dicti
931 2917 1035 2973 Prioris
1052 2929 1080 2974 et
1098 2919 1262 2976 Conuentus

152 3001 189 3056 de
204 3003 372 3057 Bemewelle
384 3002 456 3058 sicut
473 3013 592 3058 testatur
609 3003 638 3057 in
655 3005 780 3074 quadam
796 3015 874 3058 carta
887 3005 1073 3074 cyrograilata
1086 3005 1158 3062 inter
1170 3007 1262 3064 dictos

154 3089 280 3144 Priorem
298 3101 326 3145 et
346 3090 526 3145 Conuentum
547 3090 583 3145 de
606 3090 776 3146 Bernewelle
795 3102 823 3146 et
842 3091 999 3161 predictum
1019 3093 1177 3150 Gallridum
1195 3112 1261 3151 con·

153 3173 235 3229 lecta.

261 3415 290 3478 6.
339 3412 514 3488 Judicium
529 3425 593 3496 pro
617 3413 738 3477 Priore
759 3413 799 3477 dc
822 3413 1016 3480 Bemwclle
1037 3429 1150 3483 contra

510 3519 691 3583 Mabiliam
716 3519 756 3583 de
779 3519 907 3585 Howes.

220 3698 340 3763 Postea
361 3699 403 3763 ad
420 3701 509 3764 diem
526 3701 620 3764 illum
638 3700 810 3786 Philippus
825 3705 868 3767 de
885 3705 1050 3770 Stantone
1067 3717 1146 3771 tunc
1162 3707 1260 3771 Vice·
1275 3725 1429 3770 chesneau

152 3825 265 3868 comes
289 3805 378 3868 misit
406 3805 656 3887 inquisicionem
681 3826 745 3889 que
768 3807 961 3892 dicitquod
990 3811 1158 3893 predictus
1182 3777 1406 3920 031-ἓῖΞὲ

152 3908 257 3972 fridus
278 3927 346 3971 non
368 3909 476 3973 tenuit
495 3911 680 3991 predictam
702 3922 823 3974 terram
844 3913 907 3974 nisi
929 3913 971 3976 ad
994 3915 1172 3978 terminum
1192 3915 1260 3978 vite
1397 3907 1404 3921 ⁹

152 4033 221 4090 sue,
236 4024 269 4078 et
286 4034 352 4078 non
370 4017 403 4076 in
420 4013 517 4077 feodo
534 4015 580 4078 ita
596 4015 687 4097 quod
710 4014 850 4080 Mabilia
865 4039 951 4082 vxor
970 4039 1030 4082 sua
1052 4019 1129 4082 inde
1151 4018 1259 4083 dotari

152 4117 320 4200 poenitet
342 4119 419 4181 ideo
440 4117 684 4182 consideratum
707 4128 757 4182 est
778 4121 868 4202 quod
890 4123 1058 4203 predictus
1076 4123 1167 4185 Prior
1183 4121 1261 4186 inde

151 4223 224 4286 sine
239 4223 294 4285 die
309 4231 342 4286 et
359 4221 509 4304 predicta
526 4223 665 4286 Mabilia
681 4223 714 4286 in
732 4224 956 4289 misericordia
970 4236 1031 4291 etc.

600 4437 608 4469 ¹
625 4437 773 4502 sigillorum,
788 4439 845 4488 MS.
