3188 5078
136 384 211 486 vu]
487 387 525 460 Τ
519 399 651 462 enanis
675 388 718 462 in
743 390 892 464 Barton

426 745 589 812 Redditus
609 747 649 811 de
669 747 804 813 termino
825 747 955 813 Pascha.

205 919 258 984 De
274 920 444 984 Willelmo
460 921 528 985 filio
545 921 672 986 Warini
688 922 731 986 ad
749 922 872 1006 Ripam
888 923 941 1006 iij.
957 922 1090 988 solidos.

205 1024 259 1089 De
276 1025 422 1107 Hugone
440 1025 468 1088 F
469 1025 613 1108 leminge
628 1026 773 1091 obolum.
1258 1045 1277 1097 t.
1292 1060 1334 1109 171

205 1130 257 1195 De
275 1132 409 1214 Rogero
426 1131 543 1196 Pemel
558 1152 618 1213 pro
633 1142 721 1196 terra
735 1131 899 1214 Johannis
915 1131 947 1196 le
963 1131 1062 1196 Child
1079 1132 1224 1196 obolum.

204 1234 257 1300 De
270 1234 425 1320 Johanne
441 1236 472 1299 Ie
488 1236 656 1320 Franceys
672 1235 701 1319 .j.
716 1235 900 1301 denarium.

205 1338 259 1403 De
273 1340 428 1422 Johanne
442 1338 487 1404 de
503 1339 537 1406 H
539 1349 668 1424 yntone
682 1339 829 1406 obolum.

205 1444 259 1508 De
285 1444 419 1510 Amicia
445 1466 551 1510 vxore
579 1446 717 1510 Henrici
749 1444 806 1529 filij
835 1446 968 1510 Thome
997 1467 1098 1511 vnam
1126 1447 1245 1512 libram

137 1569 260 1614 crmrnr.

204 1653 259 1718 De
296 1654 445 1722 Henrico
474 1654 640 1721 aurifabro
677 1676 739 1739 pro
776 1665 863 1720 terra
891 1656 1054 1739 Johaunis
1084 1657 1116 1720 le
1146 1655 1245 1722 Child

137 1757 285 1823 obolum.

204 1860 258 1925 De
273 1861 423 1945 Symone
443 1864 486 1928 de
507 1862 579 1928 Len
599 1863 644 1929 de
665 1863 879 1946 Cantebrigia
897 1883 958 1946 pro
974 1873 1061 1928 terra
1082 1862 1247 1945 Johannis

138 1965 170 2030 le
186 1965 286 2032 ChiId
301 1966 330 2049 .j.
346 1967 527 2033 denarium.

525 2071 666 2138 Summa
681 2072 731 2154 .vj.
747 2071 845 2136 solidi
862 2093 903 2138 ,κ
920 2071 1046 2136 denarii
1062 2072 1249 2156 quadrant'.

378 2286 427 2333 22.
475 2267 603 2333 Solucio
625 2269 772 2334 redditio
793 2270 833 2334 de
853 2268 997 2335 Bertone.

203 2434 402 2500 ¹Attomato
431 2435 588 2518 Hugonis
617 2437 660 2498 de
687 2435 776 2499 Diua
805 2457 842 2501 .c.
872 2437 999 2501 solidos
1030 2457 1089 2520 per
1119 2456 1245 2501 annum

138 2541 351 2604 medietatem
376 2541 418 2605 ad
452 2539 578 2605 Pascha
599 2549 633 2604 et
661 2540 876 2605 medietatem
901 2542 943 2606 ad
976 2539 1097 2606 Iestum
1130 2540 1245 2606 Sancti

138 2644 336 2710 Michaelis¹.

203 2750 352 2814 Domino
367 2750 517 2815 Roberto
532 2749 575 2814 de
592 2750 650 2814 Ho
665 2751 708 2816 ad
726 2751 845 2816 festum
863 2751 978 2817 Sancti
997 2751 1170 2816 Michaelis
1186 2772 1245 2835 pro

137 2855 247 2918 warda
262 2855 305 2919 de
322 2854 533 2936 Bokingham
546 2877 584 2919 .v.
597 2855 731 2920 solidos.
767 2855 828 2919 ’Et
843 2876 904 2938 pro
919 2854 1050 2919 redditu
1063 2856 1105 2919 ad
1123 2855 1243 2920 festum

137 2958 251 3024 Sancti
277 2958 451 3023 Michaelis
473 2980 510 3023 .v.
541 2960 674 3024 solidos.
720 2958 766 3022 Et
789 2980 849 3041 pro
880 2959 1010 3023 redditu
1042 2960 1085 3023 ad
1118 2959 1245 3024 Pascha

136 3084 174 3127 .v.
189 3061 335 3128 solidos’.
383 3063 468 3127 Item
490 3062 598 3128 eidem
620 3064 756 3146 quando
778 3063 966 3146 scutagium
987 3064 1090 3127 currit
1104 3062 1199 3128 dabit
1213 3065 1244 3127 ei

138 3166 230 3230 Prior
244 3167 431 3250 scutagium
448 3187 508 3250 pro
522 3187 589 3232 vno
604 3167 705 3232 feodo
720 3168 850 3250 integro
865 3167 962 3231 vnius
978 3167 1100 3232 militis.

204 3271 289 3335 Item
319 3271 466 3354 Johanni
503 3271 670 3337 aurifabro
700 3292 761 3356 pro
791 3281 878 3336 terra
908 3271 1059 3355 Gregorij
1092 3271 1158 3337 Ere
1188 3293 1247 3356 per

136 3396 261 3440 annum
277 3376 330 3458 iij.
343 3376 506 3442 denarios,
552 3378 639 3442 Item
652 3376 761 3442 eidem
777 3398 838 3461 pro
853 3386 941 3442 terra
956 3376 1115 3443 Willelmi
1132 3377 1246 3442 Warin

139 3499 338 3564 perannum
355 3480 408 3544 jx.
425 3480 587 3544 denarios.

204 3585 290 3649 Item
314 3584 487 3650 Willelmo
512 3584 636 3667 Juueni
662 3585 704 3650 de
733 3585 965 3670 HaseIIngfeId
991 3607 1052 3670 pro
1074 3587 1246 3652 Wicstcde

138 3688 298 3754 Wiilelmi
323 3690 438 3754 WarIn
463 3711 522 3774 per
544 3711 670 3755 annum
694 3691 761 3775 xij.
784 3690 946 3756 denarios.

203 3793 289 3858 Item
321 3793 473 3859 Galfrido
503 3794 632 3861 Kniuet
662 3816 723 3880 pro
753 3805 840 3860 terra
876 3795 1036 3860 Willelmi
1074 3795 1244 3861 Wauberd

136 3895 177 3979 ‚ij.
200 3897 361 3962 denarios

184 4048 194 4081 ¹
210 4051 266 4102 'I'he
278 4051 419 4117 paragraph
438 4053 454 4078 “
463 4047 789 4102 Attornato-Micbaelis”
805 4051 826 4099 is
841 4050 930 4102 ceored
945 4051 1063 4116 through,
1080 4051 1130 4100 and
1142 4051 1248 4102 another

136 4133 203 4184 hund
219 4134 265 4184 has
281 4135 381 4185 written
395 4135 476 4184 above
490 4135 525 4184 itt
545 4133 709 4184 “Relaxatur
723 4133 799 4183 nobis
811 4147 857 4200 per
870 4141 965 4184 cartam
982 4133 1087 4184 Henrici
1104 4133 1246 4198 Coupman.

140 4219 273 4269 Reiaxutur
291 4234 336 4284 per
351 4225 445 4268 cartam
461 4217 585 4283 Johannis
602 4217 690 4268 Nohes
706 4215 856 4282 capellani.”

184 4299 196 4332 ²
211 4301 268 4351 The
279 4299 420 4366 paragraph
434 4301 494 4350 “Et
506 4317 552 4366 pro
561 4298 812 4351 redditu-sotio&
821 4298 843 4349 is
852 4300 939 4350 scored
952 4299 1068 4364 through,
1080 4299 1131 4348 and
1142 4299 1248 4349 another

136 4382 203 4432 hand
219 4381 265 4430 has
276 4382 374 4432 written
392 4383 472 4432 above
488 4383 525 4432 it:
543 4384 561 4409 ‘⁸
570 4383 707 4432 Reiaxatur
723 4396 768 4445 per
781 4388 875 4431 cartam
890 4381 990 4430 Thome
1005 4381 1038 4431 de
1049 4381 1111 4431 IIoo
1125 4380 1249 4433 Cheualer

136 4464 328 4530 quamnim
344 4464 404 4516 emit
422 4463 532 4516 eidem.”

218 4589 246 4632 C.
1130 4593 1167 4631 20
