<?xml version="1.0" encoding="UTF-8"?>
<!DOCTYPE html PUBLIC "-//W3C//DTD XHTML 1.0 Transitional//EN"
    "http://www.w3.org/TR/xhtml1/DTD/xhtml1-transitional.dtd">
<html xmlns="http://www.w3.org/1999/xhtml" xml:lang="en" lang="en">
 <head>
  <title>
</title>
<meta http-equiv="Content-Type" content="text/html;charset=utf-8" />
  <meta name='ocr-system' content='tesseract 3.04.00' />
  <meta name='ocr-capabilities' content='ocr_page ocr_carea ocr_par ocr_line ocrx_word'/>
</head>
<body>
  <div class='ocr_page' id='page_1' title='image "./libermemorandor00maitgoog_0083.png"; bbox 0 0 3144 5070; ppageno 0'>
   <div class='ocr_carea' id='block_1_1' title="bbox 434 981 931 1058">
    <p class='ocr_par' dir='ltr' id='par_1_1' title="bbox 434 981 931 1058">
     <span class='ocr_line' id='line_1_1' title="bbox 434 981 931 1058; baseline 0.006 -4"><span class='ocrx_word' id='word_1_1' title='bbox 434 1006 464 1054; x_wconf 89' lang='lat'><strong>2.</strong></span> <span class='ocrx_word' id='word_1_2' title='bbox 513 981 931 1058; x_wconf 82' lang='lat' dir='ltr'><strong>MISCELLANEA.</strong></span> 
     </span>
    </p>
   </div>
   <div class='ocr_carea' id='block_1_2' title="bbox 291 1228 1071 1309">
    <p class='ocr_par' dir='ltr' id='par_1_2' title="bbox 291 1228 1071 1309">
     <span class='ocr_line' id='line_1_2' title="bbox 291 1228 1071 1309; baseline 0.005 -23"><span class='ocrx_word' id='word_1_3' title='bbox 291 1247 319 1286; x_wconf 81' lang='lat' dir='ltr'><strong>a.</strong></span> <span class='ocrx_word' id='word_1_4' title='bbox 364 1228 424 1288; x_wconf 82' lang='lat' dir='ltr'><strong>Isti</strong></span> <span class='ocrx_word' id='word_1_5' title='bbox 441 1235 512 1287; x_wconf 84' lang='lat' dir='ltr'><strong>sunt</strong></span> <span class='ocrx_word' id='word_1_6' title='bbox 529 1228 589 1289; x_wconf 82' lang='lat' dir='ltr'><strong>dies</strong></span> <span class='ocrx_word' id='word_1_7' title='bbox 609 1230 641 1288; x_wconf 84' lang='lat' dir='ltr'><strong>in</strong></span> <span class='ocrx_word' id='word_1_8' title='bbox 662 1230 765 1306; x_wconf 83' lang='lat' dir='ltr'><strong>quibus</strong></span> <span class='ocrx_word' id='word_1_9' title='bbox 786 1251 843 1290; x_wconf 82' lang='lat' dir='ltr'><strong>non</strong></span> <span class='ocrx_word' id='word_1_10' title='bbox 865 1233 929 1291; x_wconf 79' lang='lat' dir='ltr'><strong>licet</strong></span> <span class='ocrx_word' id='word_1_11' title='bbox 948 1236 1071 1309; x_wconf 81' lang='lat' dir='ltr'><strong>operari.</strong></span> 
     </span>
    </p>
   </div>
   <div class='ocr_carea' id='block_1_3' title="bbox 181 1349 1027 1830">
    <p class='ocr_par' dir='ltr' id='par_1_3' title="bbox 181 1349 1027 1511">
     <span class='ocr_line' id='line_1_3' title="bbox 181 1349 1027 1432; baseline 0.008 -24"><span class='ocrx_word' id='word_1_12' title='bbox 181 1351 219 1409; x_wconf 91' lang='lat' dir='ltr'><strong>In</strong></span> <span class='ocrx_word' id='word_1_13' title='bbox 240 1349 295 1411; x_wconf 91' lang='lat' dir='ltr'><strong>die</strong></span> <span class='ocrx_word' id='word_1_14' title='bbox 316 1353 424 1412; x_wconf 86' lang='lat' dir='ltr'><strong>natalis</strong></span> <span class='ocrx_word' id='word_1_15' title='bbox 444 1351 559 1413; x_wconf 90' lang='lat' dir='ltr'><strong>domini</strong></span> <span class='ocrx_word' id='word_1_16' title='bbox 580 1363 611 1414; x_wconf 91' lang='lat' dir='ltr'><strong>et</strong></span> <span class='ocrx_word' id='word_1_17' title='bbox 631 1351 672 1430; x_wconf 89' lang='lat' dir='ltr'><strong>iiij</strong></span> <span class='ocrx_word' id='word_1_18' title='bbox 696 1353 802 1416; x_wconf 87' lang='lat' dir='ltr'><strong>diebus</strong></span> <span class='ocrx_word' id='word_1_19' title='bbox 824 1356 1027 1432; x_wconf 89' lang='lat' dir='ltr'><strong>sequentibus.</strong></span> 
     </span>
     <span class='ocr_line' id='line_1_4' title="bbox 182 1447 560 1511; baseline 0.011 -5"><span class='ocrx_word' id='word_1_20' title='bbox 182 1448 219 1507; x_wconf 91' lang='lat' dir='ltr'><strong>In</strong></span> <span class='ocrx_word' id='word_1_21' title='bbox 241 1447 297 1510; x_wconf 90' lang='lat' dir='ltr'><strong>die</strong></span> <span class='ocrx_word' id='word_1_22' title='bbox 317 1448 560 1511; x_wconf 86' lang='lat' dir='ltr'><strong>circumcisionis.</strong></span> 
     </span>
    </p>

    <p class='ocr_par' dir='ltr' id='par_1_4' title="bbox 181 1545 483 1625">
     <span class='ocr_line' id='line_1_5' title="bbox 181 1545 483 1625; baseline 0.013 -19"><span class='ocrx_word' id='word_1_23' title='bbox 181 1546 219 1606; x_wconf 89' lang='lat' dir='ltr'><strong>In</strong></span> <span class='ocrx_word' id='word_1_24' title='bbox 240 1547 296 1609; x_wconf 88' lang='lat' dir='ltr'><strong>die</strong></span> <span class='ocrx_word' id='word_1_25' title='bbox 316 1545 483 1625; x_wconf 84' lang='lat' dir='ltr'><strong>epiphanie</strong></span> 
     </span>
    </p>

    <p class='ocr_par' dir='ltr' id='par_1_5' title="bbox 181 1647 737 1730">
     <span class='ocr_line' id='line_1_6' title="bbox 181 1647 737 1730; baseline 0.007 -23"><span class='ocrx_word' id='word_1_26' title='bbox 181 1650 220 1707; x_wconf 89' lang='lat' dir='ltr'><strong>In</strong></span> <span class='ocrx_word' id='word_1_27' title='bbox 240 1649 296 1709; x_wconf 88' lang='lat' dir='ltr'><strong>die</strong></span> <span class='ocrx_word' id='word_1_28' title='bbox 317 1647 520 1711; x_wconf 91' lang='lat' dir='ltr'><strong>conuersionis</strong></span> <span class='ocrx_word' id='word_1_29' title='bbox 542 1649 627 1712; x_wconf 88' lang='lat' dir='ltr'><strong>Beati</strong></span> <span class='ocrx_word' id='word_1_30' title='bbox 648 1651 737 1730; x_wconf 82' lang='lat' dir='ltr'><strong>pauli.</strong></span> 
     </span>
    </p>

    <p class='ocr_par' dir='ltr' id='par_1_6' title="bbox 182 1747 872 1830">
     <span class='ocr_line' id='line_1_7' title="bbox 182 1747 872 1830; baseline 0.009 -24"><span class='ocrx_word' id='word_1_31' title='bbox 182 1748 219 1807; x_wconf 91' lang='lat' dir='ltr'><strong>In</strong></span> <span class='ocrx_word' id='word_1_32' title='bbox 241 1747 387 1809; x_wconf 88' lang='lat' dir='ltr'><strong>omnibus</strong></span> <span class='ocrx_word' id='word_1_33' title='bbox 406 1747 615 1811; x_wconf 76' lang='lat' dir='ltr'><strong>iestitfitatibus</strong></span> <span class='ocrx_word' id='word_1_34' title='bbox 637 1751 724 1813; x_wconf 87' lang='lat' dir='ltr'><strong>beate</strong></span> <span class='ocrx_word' id='word_1_35' title='bbox 745 1749 872 1830; x_wconf 82' lang='lat' dir='ltr'><strong>virginis</strong></span> 
     </span>
    </p>
   </div>
   <div class='ocr_carea' id='block_1_4' title="bbox 181 1843 1161 4490">
    <p class='ocr_par' dir='ltr' id='par_1_7' title="bbox 182 1843 677 1926">
     <span class='ocr_line' id='line_1_8' title="bbox 182 1843 677 1926; baseline 0.014 -23"><span class='ocrx_word' id='word_1_36' title='bbox 182 1844 220 1903; x_wconf 91' lang='lat' dir='ltr'><strong>ln</strong></span> <span class='ocrx_word' id='word_1_37' title='bbox 241 1843 296 1906; x_wconf 90' lang='lat' dir='ltr'><strong>die</strong></span> <span class='ocrx_word' id='word_1_38' title='bbox 315 1845 456 1908; x_wconf 81' lang='lat' dir='ltr'><strong>cathedre</strong></span> <span class='ocrx_word' id='word_1_39' title='bbox 477 1846 572 1908; x_wconf 85' lang='lat' dir='ltr'><strong>sancti</strong></span> <span class='ocrx_word' id='word_1_40' title='bbox 593 1848 677 1926; x_wconf 83' lang='lat' dir='ltr'><strong>petri</strong></span> 
     </span>
    </p>

    <p class='ocr_par' dir='ltr' id='par_1_8' title="bbox 182 1942 558 2008">
     <span class='ocr_line' id='line_1_9' title="bbox 182 1942 558 2008; baseline 0.013 -7"><span class='ocrx_word' id='word_1_41' title='bbox 182 1943 220 2002; x_wconf 93' lang='lat' dir='ltr'><strong>In</strong></span> <span class='ocrx_word' id='word_1_42' title='bbox 242 1942 296 2004; x_wconf 91' lang='lat' dir='ltr'><strong>die</strong></span> <span class='ocrx_word' id='word_1_43' title='bbox 316 1943 412 2006; x_wconf 75' lang='lat' dir='ltr'><strong>sancti</strong></span> <span class='ocrx_word' id='word_1_44' title='bbox 433 1945 558 2008; x_wconf 83' lang='lat' dir='ltr'><strong>Mathie.</strong></span> 
     </span>
    </p>

    <p class='ocr_par' dir='ltr' id='par_1_9' title="bbox 182 2041 948 2125">
     <span class='ocr_line' id='line_1_10' title="bbox 182 2041 948 2125; baseline 0.005 -24"><span class='ocrx_word' id='word_1_45' title='bbox 182 2042 219 2101; x_wconf 93' lang='lat' dir='ltr'><strong>ln</strong></span> <span class='ocrx_word' id='word_1_46' title='bbox 241 2041 295 2104; x_wconf 88' lang='lat' dir='ltr'><strong>die</strong></span> <span class='ocrx_word' id='word_1_47' title='bbox 317 2045 431 2105; x_wconf 85' lang='lat' dir='ltr'><strong>Pasche</strong></span> <span class='ocrx_word' id='word_1_48' title='bbox 451 2056 482 2106; x_wconf 88' lang='lat' dir='ltr'><strong>et</strong></span> <span class='ocrx_word' id='word_1_49' title='bbox 502 2046 596 2107; x_wconf 87' lang='lat' dir='ltr'><strong>tribus</strong></span> <span class='ocrx_word' id='word_1_50' title='bbox 616 2044 724 2108; x_wconf 88' lang='lat' dir='ltr'><strong>diebus</strong></span> <span class='ocrx_word' id='word_1_51' title='bbox 745 2047 948 2125; x_wconf 82' lang='lat' dir='ltr'><strong>sequentibus.</strong></span> 
     </span>
    </p>

    <p class='ocr_par' dir='ltr' id='par_1_10' title="bbox 182 2139 937 2208">
     <span class='ocr_line' id='line_1_11' title="bbox 182 2139 937 2208; baseline 0.008 -9"><span class='ocrx_word' id='word_1_52' title='bbox 182 2141 218 2200; x_wconf 90' lang='lat' dir='ltr'><strong>In</strong></span> <span class='ocrx_word' id='word_1_53' title='bbox 240 2139 294 2204; x_wconf 91' lang='lat' dir='ltr'><strong>die</strong></span> <span class='ocrx_word' id='word_1_54' title='bbox 315 2142 518 2204; x_wconf 78' lang='lat' dir='ltr'><strong>dedicacionis</strong></span> <span class='ocrx_word' id='word_1_55' title='bbox 538 2143 665 2206; x_wconf 87' lang='lat' dir='ltr'><strong>ecclesie</strong></span> <span class='ocrx_word' id='word_1_56' title='bbox 686 2145 724 2206; x_wconf 93' lang='lat' dir='ltr'><strong>de</strong></span> <span class='ocrx_word' id='word_1_57' title='bbox 746 2147 937 2208; x_wconf 86' lang='lat' dir='ltr'><strong>Bernewelle.</strong></span> 
     </span>
    </p>

    <p class='ocr_par' dir='ltr' id='par_1_11' title="bbox 182 2240 755 2322">
     <span class='ocr_line' id='line_1_12' title="bbox 182 2240 755 2322; baseline 0.005 -23"><span class='ocrx_word' id='word_1_58' title='bbox 182 2242 219 2299; x_wconf 90' lang='lat' dir='ltr'><strong>In</strong></span> <span class='ocrx_word' id='word_1_59' title='bbox 242 2240 296 2303; x_wconf 90' lang='lat' dir='ltr'><strong>die</strong></span> <span class='ocrx_word' id='word_1_60' title='bbox 316 2241 412 2302; x_wconf 87' lang='lat' dir='ltr'><strong>sancti</strong></span> <span class='ocrx_word' id='word_1_61' title='bbox 433 2242 530 2303; x_wconf 86' lang='lat' dir='ltr'><strong>Marci</strong></span> <span class='ocrx_word' id='word_1_62' title='bbox 552 2240 755 2322; x_wconf 85' lang='lat' dir='ltr'><strong>Ewangeliste.</strong></span> 
     </span>
    </p>

    <p class='ocr_par' dir='ltr' id='par_1_12' title="bbox 181 2339 884 2421">
     <span class='ocr_line' id='line_1_13' title="bbox 181 2339 884 2421; baseline 0.006 -23"><span class='ocrx_word' id='word_1_63' title='bbox 181 2340 220 2398; x_wconf 90' lang='lat' dir='ltr'><strong>ln</strong></span> <span class='ocrx_word' id='word_1_64' title='bbox 241 2341 321 2401; x_wconf 83' lang='lat' dir='ltr'><strong>festo</strong></span> <span class='ocrx_word' id='word_1_65' title='bbox 342 2343 548 2418; x_wconf 87' lang='lat' dir='ltr'><strong>apostolorum</strong></span> <span class='ocrx_word' id='word_1_66' title='bbox 569 2340 698 2421; x_wconf 89' lang='lat' dir='ltr'><strong>philippi</strong></span> <span class='ocrx_word' id='word_1_67' title='bbox 719 2354 749 2402; x_wconf 92' lang='lat' dir='ltr'><strong>et</strong></span> <span class='ocrx_word' id='word_1_68' title='bbox 769 2339 884 2419; x_wconf 90' lang='lat' dir='ltr'><strong>Jacobi.</strong></span> 
     </span>
    </p>

    <p class='ocr_par' dir='ltr' id='par_1_13' title="bbox 181 2438 718 2516">
     <span class='ocr_line' id='line_1_14' title="bbox 181 2438 718 2516; baseline 0.004 -18"><span class='ocrx_word' id='word_1_69' title='bbox 181 2438 219 2498; x_wconf 91' lang='lat' dir='ltr'><strong>In</strong></span> <span class='ocrx_word' id='word_1_70' title='bbox 241 2449 370 2516; x_wconf 86' lang='lat' dir='ltr'><strong>utroque</strong></span> <span class='ocrx_word' id='word_1_71' title='bbox 391 2441 469 2500; x_wconf 86' lang='lat' dir='ltr'><strong>sesto</strong></span> <span class='ocrx_word' id='word_1_72' title='bbox 491 2450 594 2501; x_wconf 83' lang='lat' dir='ltr'><strong>sancte</strong></span> <span class='ocrx_word' id='word_1_73' title='bbox 615 2439 718 2501; x_wconf 89' lang='lat' dir='ltr'><strong>crucis.</strong></span> 
     </span>
    </p>

    <p class='ocr_par' dir='ltr' id='par_1_14' title="bbox 181 2537 959 2617">
     <span class='ocr_line' id='line_1_15' title="bbox 181 2537 959 2617; baseline 0.003 -21"><span class='ocrx_word' id='word_1_74' title='bbox 181 2538 217 2598; x_wconf 93' lang='lat' dir='ltr'><strong>In</strong></span> <span class='ocrx_word' id='word_1_75' title='bbox 240 2537 293 2599; x_wconf 87' lang='lat' dir='ltr'><strong>die</strong></span> <span class='ocrx_word' id='word_1_76' title='bbox 313 2540 409 2600; x_wconf 87' lang='lat' dir='ltr'><strong>sancti</strong></span> <span class='ocrx_word' id='word_1_77' title='bbox 429 2537 576 2616; x_wconf 90' lang='lat' dir='ltr'><strong>Johannis</strong></span> <span class='ocrx_word' id='word_1_78' title='bbox 597 2549 667 2600; x_wconf 88' lang='lat' dir='ltr'><strong>ante</strong></span> <span class='ocrx_word' id='word_1_79' title='bbox 688 2550 805 2617; x_wconf 87' lang='lat' dir='ltr'><strong>portam</strong></span> <span class='ocrx_word' id='word_1_80' title='bbox 827 2539 959 2600; x_wconf 88' lang='lat' dir='ltr'><strong>latinam.</strong></span> 
     </span>
    </p>

    <p class='ocr_par' dir='ltr' id='par_1_15' title="bbox 182 2635 504 2699">
     <span class='ocr_line' id='line_1_16' title="bbox 182 2635 504 2699; baseline 0.003 -4"><span class='ocrx_word' id='word_1_81' title='bbox 182 2638 219 2697; x_wconf 93' lang='lat' dir='ltr'><strong>In</strong></span> <span class='ocrx_word' id='word_1_82' title='bbox 240 2635 294 2699; x_wconf 92' lang='lat' dir='ltr'><strong>die</strong></span> <span class='ocrx_word' id='word_1_83' title='bbox 313 2635 504 2699; x_wconf 84' lang='lat' dir='ltr'><strong>ascensionis.</strong></span> 
     </span>
    </p>

    <p class='ocr_par' dir='ltr' id='par_1_16' title="bbox 182 2736 1022 2914">
     <span class='ocr_line' id='line_1_17' title="bbox 182 2736 1022 2815; baseline 0.002 -19"><span class='ocrx_word' id='word_1_84' title='bbox 182 2738 219 2797; x_wconf 91' lang='lat' dir='ltr'><strong>In</strong></span> <span class='ocrx_word' id='word_1_85' title='bbox 241 2736 293 2798; x_wconf 89' lang='lat' dir='ltr'><strong>die</strong></span> <span class='ocrx_word' id='word_1_86' title='bbox 313 2747 504 2814; x_wconf 86' lang='lat' dir='ltr'><strong>pentecostes</strong></span> <span class='ocrx_word' id='word_1_87' title='bbox 525 2748 555 2798; x_wconf 88' lang='lat' dir='ltr'><strong>et</strong></span> <span class='ocrx_word' id='word_1_88' title='bbox 576 2736 671 2798; x_wconf 86' lang='lat' dir='ltr'><strong>tribus</strong></span> <span class='ocrx_word' id='word_1_89' title='bbox 691 2736 798 2798; x_wconf 88' lang='lat' dir='ltr'><strong>diebus</strong></span> <span class='ocrx_word' id='word_1_90' title='bbox 820 2737 1022 2815; x_wconf 90' lang='lat' dir='ltr'><strong>sequentibus.</strong></span> 
     </span>
     <span class='ocr_line' id='line_1_18' title="bbox 184 2835 735 2914; baseline 0 -18"><span class='ocrx_word' id='word_1_91' title='bbox 184 2839 220 2896; x_wconf 93' lang='lat' dir='ltr'><strong>In</strong></span> <span class='ocrx_word' id='word_1_92' title='bbox 242 2835 294 2898; x_wconf 91' lang='lat' dir='ltr'><strong>die</strong></span> <span class='ocrx_word' id='word_1_93' title='bbox 315 2835 411 2896; x_wconf 84' lang='lat' dir='ltr'><strong>sancti</strong></span> <span class='ocrx_word' id='word_1_94' title='bbox 433 2836 570 2897; x_wconf 82' lang='lat' dir='ltr'><strong>Barnabe</strong></span> <span class='ocrx_word' id='word_1_95' title='bbox 591 2837 735 2914; x_wconf 88' lang='lat' dir='ltr'><strong>Apostoli.</strong></span> 
     </span>
    </p>

    <p class='ocr_par' dir='ltr' id='par_1_17' title="bbox 183 2933 796 2996">
     <span class='ocr_line' id='line_1_19' title="bbox 183 2933 796 2996; baseline 0.002 -2"><span class='ocrx_word' id='word_1_96' title='bbox 183 2937 218 2994; x_wconf 88' lang='lat' dir='ltr'><strong>In</strong></span> <span class='ocrx_word' id='word_1_97' title='bbox 241 2934 292 2995; x_wconf 93' lang='lat' dir='ltr'><strong>die</strong></span> <span class='ocrx_word' id='word_1_98' title='bbox 313 2944 416 2996; x_wconf 88' lang='lat' dir='ltr'><strong>sancte</strong></span> <span class='ocrx_word' id='word_1_99' title='bbox 438 2935 620 2996; x_wconf 86' lang='lat' dir='ltr'><strong>Etheldrede</strong></span> <span class='ocrx_word' id='word_1_100' title='bbox 641 2933 672 2994; x_wconf 89' lang='lat' dir='ltr'><strong>in</strong></span> <span class='ocrx_word' id='word_1_101' title='bbox 695 2946 796 2996; x_wconf 86' lang='lat' dir='ltr'><strong>estate.</strong></span> 
     </span>
    </p>

    <p class='ocr_par' dir='ltr' id='par_1_18' title="bbox 182 3032 824 3112">
     <span class='ocr_line' id='line_1_20' title="bbox 182 3032 824 3112; baseline 0.005 -20"><span class='ocrx_word' id='word_1_102' title='bbox 182 3035 219 3092; x_wconf 89' lang='lat' dir='ltr'><strong>In</strong></span> <span class='ocrx_word' id='word_1_103' title='bbox 240 3032 396 3094; x_wconf 85' lang='lat' dir='ltr'><strong>natiuitate</strong></span> <span class='ocrx_word' id='word_1_104' title='bbox 417 3033 497 3094; x_wconf 85' lang='lat' dir='ltr'><strong>beati</strong></span> <span class='ocrx_word' id='word_1_105' title='bbox 517 3035 665 3111; x_wconf 88' lang='lat' dir='ltr'><strong>Johannis</strong></span> <span class='ocrx_word' id='word_1_106' title='bbox 687 3034 824 3112; x_wconf 86' lang='lat' dir='ltr'><strong>baptiste.</strong></span> 
     </span>
    </p>

    <p class='ocr_par' dir='ltr' id='par_1_19' title="bbox 182 3132 802 3211">
     <span class='ocr_line' id='line_1_21' title="bbox 182 3132 802 3211; baseline -0.002 -18"><span class='ocrx_word' id='word_1_107' title='bbox 182 3135 220 3193; x_wconf 92' lang='lat' dir='ltr'><strong>In</strong></span> <span class='ocrx_word' id='word_1_108' title='bbox 240 3134 319 3194; x_wconf 85' lang='lat' dir='ltr'><strong>festo</strong></span> <span class='ocrx_word' id='word_1_109' title='bbox 340 3134 543 3210; x_wconf 88' lang='lat' dir='ltr'><strong>apostolorum</strong></span> <span class='ocrx_word' id='word_1_110' title='bbox 566 3132 642 3211; x_wconf 90' lang='lat' dir='ltr'><strong>petri</strong></span> <span class='ocrx_word' id='word_1_111' title='bbox 663 3145 693 3193; x_wconf 92' lang='lat' dir='ltr'><strong>et</strong></span> <span class='ocrx_word' id='word_1_112' title='bbox 713 3134 802 3210; x_wconf 87' lang='lat' dir='ltr'><strong>pauli.</strong></span> 
     </span>
    </p>

    <p class='ocr_par' dir='ltr' id='par_1_20' title="bbox 181 3230 924 3311">
     <span class='ocr_line' id='line_1_22' title="bbox 181 3230 924 3311; baseline -0.001 -20"><span class='ocrx_word' id='word_1_113' title='bbox 181 3233 218 3291; x_wconf 91' lang='lat' dir='ltr'><strong>ln</strong></span> <span class='ocrx_word' id='word_1_114' title='bbox 239 3231 291 3292; x_wconf 92' lang='lat' dir='ltr'><strong>die</strong></span> <span class='ocrx_word' id='word_1_115' title='bbox 311 3230 519 3292; x_wconf 78' lang='lat' dir='ltr'><strong>translacionis</strong></span> <span class='ocrx_word' id='word_1_116' title='bbox 539 3233 619 3293; x_wconf 81' lang='lat' dir='ltr'><strong>beati</strong></span> <span class='ocrx_word' id='word_1_117' title='bbox 641 3233 760 3294; x_wconf 90' lang='lat' dir='ltr'><strong>Thome</strong></span> <span class='ocrx_word' id='word_1_118' title='bbox 782 3231 924 3311; x_wconf 86' lang='lat' dir='ltr'><strong>martyris.</strong></span> 
     </span>
    </p>

    <p class='ocr_par' dir='ltr' id='par_1_21' title="bbox 182 3328 721 3409">
     <span class='ocr_line' id='line_1_23' title="bbox 182 3328 721 3409; baseline 0 -19"><span class='ocrx_word' id='word_1_119' title='bbox 182 3332 221 3390; x_wconf 92' lang='lat' dir='ltr'><strong>ln</strong></span> <span class='ocrx_word' id='word_1_120' title='bbox 240 3328 291 3392; x_wconf 89' lang='lat' dir='ltr'><strong>die</strong></span> <span class='ocrx_word' id='word_1_121' title='bbox 313 3333 400 3392; x_wconf 81' lang='lat' dir='ltr'><strong>beate</strong></span> <span class='ocrx_word' id='word_1_122' title='bbox 422 3331 514 3392; x_wconf 84' lang='lat' dir='ltr'><strong>marie</strong></span> <span class='ocrx_word' id='word_1_123' title='bbox 536 3331 721 3409; x_wconf 85' lang='lat' dir='ltr'><strong>magdalene.</strong></span> 
     </span>
    </p>

    <p class='ocr_par' dir='ltr' id='par_1_22' title="bbox 182 3429 691 3508">
     <span class='ocr_line' id='line_1_24' title="bbox 182 3429 691 3508; baseline 0.002 -19"><span class='ocrx_word' id='word_1_124' title='bbox 182 3432 219 3490; x_wconf 92' lang='lat' dir='ltr'><strong>In</strong></span> <span class='ocrx_word' id='word_1_125' title='bbox 242 3429 293 3494; x_wconf 86' lang='lat' dir='ltr'><strong>die</strong></span> <span class='ocrx_word' id='word_1_126' title='bbox 313 3430 409 3490; x_wconf 84' lang='lat' dir='ltr'><strong>sancti</strong></span> <span class='ocrx_word' id='word_1_127' title='bbox 429 3430 535 3508; x_wconf 79' lang='lat' dir='ltr'><strong>Jacobi</strong></span> <span class='ocrx_word' id='word_1_128' title='bbox 557 3429 691 3508; x_wconf 86' lang='lat' dir='ltr'><strong>apostoli.</strong></span> 
     </span>
    </p>

    <p class='ocr_par' dir='ltr' id='par_1_23' title="bbox 183 3527 712 3607">
     <span class='ocr_line' id='line_1_25' title="bbox 183 3527 712 3607; baseline 0 -19"><span class='ocrx_word' id='word_1_129' title='bbox 183 3529 220 3588; x_wconf 90' lang='lat' dir='ltr'><strong>ln</strong></span> <span class='ocrx_word' id='word_1_130' title='bbox 240 3529 291 3590; x_wconf 92' lang='lat' dir='ltr'><strong>die</strong></span> <span class='ocrx_word' id='word_1_131' title='bbox 312 3527 408 3590; x_wconf 86' lang='lat' dir='ltr'><strong>sancti</strong></span> <span class='ocrx_word' id='word_1_132' title='bbox 429 3530 504 3607; x_wconf 85' lang='lat' dir='ltr'><strong>petri</strong></span> <span class='ocrx_word' id='word_1_133' title='bbox 525 3529 563 3590; x_wconf 87' lang='lat' dir='ltr'><strong>ad</strong></span> <span class='ocrx_word' id='word_1_134' title='bbox 585 3528 712 3589; x_wconf 79' lang='lat' dir='ltr'><strong>uincula.</strong></span> 
     </span>
    </p>

    <p class='ocr_par' dir='ltr' id='par_1_24' title="bbox 183 3625 563 3690">
     <span class='ocr_line' id='line_1_26' title="bbox 183 3625 563 3690; baseline -0.005 -3"><span class='ocrx_word' id='word_1_135' title='bbox 183 3629 220 3688; x_wconf 92' lang='lat' dir='ltr'><strong>ln</strong></span> <span class='ocrx_word' id='word_1_136' title='bbox 240 3627 291 3689; x_wconf 89' lang='lat' dir='ltr'><strong>die</strong></span> <span class='ocrx_word' id='word_1_137' title='bbox 312 3627 392 3690; x_wconf 78' lang='lat' dir='ltr'><strong>berti</strong></span> <span class='ocrx_word' id='word_1_138' title='bbox 413 3625 563 3688; x_wconf 86' lang='lat' dir='ltr'><strong>laurencii.</strong></span> 
     </span>
    </p>

    <p class='ocr_par' dir='ltr' id='par_1_25' title="bbox 182 3721 776 3800">
     <span class='ocr_line' id='line_1_27' title="bbox 182 3721 776 3800; baseline -0.005 -15"><span class='ocrx_word' id='word_1_139' title='bbox 182 3727 219 3785; x_wconf 93' lang='lat' dir='ltr'><strong>In</strong></span> <span class='ocrx_word' id='word_1_140' title='bbox 241 3723 292 3785; x_wconf 91' lang='lat' dir='ltr'><strong>die</strong></span> <span class='ocrx_word' id='word_1_141' title='bbox 311 3724 393 3786; x_wconf 88' lang='lat' dir='ltr'><strong>beati</strong></span> <span class='ocrx_word' id='word_1_142' title='bbox 415 3724 620 3785; x_wconf 82' lang='lat' dir='ltr'><strong>Bartholomei</strong></span> <span class='ocrx_word' id='word_1_143' title='bbox 640 3721 776 3800; x_wconf 88' lang='lat' dir='ltr'><strong>apostoli.</strong></span> 
     </span>
    </p>

    <p class='ocr_par' dir='ltr' id='par_1_26' title="bbox 183 3821 975 3900">
     <span class='ocr_line' id='line_1_28' title="bbox 183 3821 975 3900; baseline 0.001 -18"><span class='ocrx_word' id='word_1_144' title='bbox 183 3825 221 3883; x_wconf 90' lang='lat' dir='ltr'><strong>In</strong></span> <span class='ocrx_word' id='word_1_145' title='bbox 239 3822 290 3885; x_wconf 89' lang='lat' dir='ltr'><strong>die</strong></span> <span class='ocrx_word' id='word_1_146' title='bbox 311 3821 525 3886; x_wconf 77' lang='lat' dir='ltr'><strong>decollacionis</strong></span> <span class='ocrx_word' id='word_1_147' title='bbox 546 3821 642 3883; x_wconf 84' lang='lat' dir='ltr'><strong>sancti</strong></span> <span class='ocrx_word' id='word_1_148' title='bbox 663 3821 811 3899; x_wconf 82' lang='lat' dir='ltr'><strong>Johannis</strong></span> <span class='ocrx_word' id='word_1_149' title='bbox 832 3821 975 3900; x_wconf 84' lang='lat' dir='ltr'><strong>Baptiste.</strong></span> 
     </span>
    </p>

    <p class='ocr_par' dir='ltr' id='par_1_27' title="bbox 183 3919 923 4000">
     <span class='ocr_line' id='line_1_29' title="bbox 183 3919 923 4000; baseline -0.001 -19"><span class='ocrx_word' id='word_1_150' title='bbox 183 3923 221 3981; x_wconf 91' lang='lat' dir='ltr'><strong>In</strong></span> <span class='ocrx_word' id='word_1_151' title='bbox 241 3920 291 3982; x_wconf 89' lang='lat' dir='ltr'><strong>die</strong></span> <span class='ocrx_word' id='word_1_152' title='bbox 312 3921 392 3983; x_wconf 81' lang='lat' dir='ltr'><strong>beati</strong></span> <span class='ocrx_word' id='word_1_153' title='bbox 415 3921 522 4000; x_wconf 82' lang='lat' dir='ltr'><strong>Egidii.</strong></span> <span class='ocrx_word' id='word_1_154' title='bbox 567 3921 604 3980; x_wconf 94' lang='lat' dir='ltr'><strong>In</strong></span> <span class='ocrx_word' id='word_1_155' title='bbox 624 3919 675 3980; x_wconf 89' lang='lat' dir='ltr'><strong>die</strong></span> <span class='ocrx_word' id='word_1_156' title='bbox 696 3919 776 3980; x_wconf 88' lang='lat' dir='ltr'><strong>beati</strong></span> <span class='ocrx_word' id='word_1_157' title='bbox 799 3919 923 3981; x_wconf 84' lang='lat' dir='ltr'><strong>Mathei.</strong></span> 
     </span>
    </p>

    <p class='ocr_par' dir='ltr' id='par_1_28' title="bbox 184 4017 1161 4197">
     <span class='ocr_line' id='line_1_30' title="bbox 184 4017 1161 4099; baseline 0.002 -20"><span class='ocrx_word' id='word_1_158' title='bbox 184 4020 222 4079; x_wconf 92' lang='lat' dir='ltr'><strong>ln</strong></span> <span class='ocrx_word' id='word_1_159' title='bbox 241 4019 291 4082; x_wconf 89' lang='lat' dir='ltr'><strong>die</strong></span> <span class='ocrx_word' id='word_1_160' title='bbox 312 4019 392 4081; x_wconf 85' lang='lat' dir='ltr'><strong>beati</strong></span> <span class='ocrx_word' id='word_1_161' title='bbox 415 4018 580 4080; x_wconf 80' lang='lat' dir='ltr'><strong>Michaelis</strong></span> <span class='ocrx_word' id='word_1_162' title='bbox 625 4021 662 4078; x_wconf 89' lang='lat' dir='ltr'><strong>In</strong></span> <span class='ocrx_word' id='word_1_163' title='bbox 684 4018 734 4080; x_wconf 91' lang='lat' dir='ltr'><strong>die</strong></span> <span class='ocrx_word' id='word_1_164' title='bbox 755 4017 837 4079; x_wconf 79' lang='lat' dir='ltr'><strong>beati</strong></span> <span class='ocrx_word' id='word_1_165' title='bbox 858 4020 940 4080; x_wconf 92' lang='lat' dir='ltr'><strong>Luce</strong></span> <span class='ocrx_word' id='word_1_166' title='bbox 962 4019 1161 4099; x_wconf 81' lang='lat' dir='ltr'><strong>Euangeliste.</strong></span> 
     </span>
     <span class='ocr_line' id='line_1_31' title="bbox 184 4116 837 4197; baseline 0.005 -21"><span class='ocrx_word' id='word_1_167' title='bbox 184 4118 221 4177; x_wconf 90' lang='lat' dir='ltr'><strong>ln</strong></span> <span class='ocrx_word' id='word_1_168' title='bbox 243 4119 292 4179; x_wconf 89' lang='lat' dir='ltr'><strong>die</strong></span> <span class='ocrx_word' id='word_1_169' title='bbox 312 4121 516 4197; x_wconf 84' lang='lat' dir='ltr'><strong>apostolorum</strong></span> <span class='ocrx_word' id='word_1_170' title='bbox 538 4116 678 4196; x_wconf 86' lang='lat' dir='ltr'><strong>Syrnonis</strong></span> <span class='ocrx_word' id='word_1_171' title='bbox 699 4128 729 4178; x_wconf 92' lang='lat' dir='ltr'><strong>et</strong></span> <span class='ocrx_word' id='word_1_172' title='bbox 749 4119 837 4194; x_wconf 87' lang='lat' dir='ltr'><strong>Judc.</strong></span> 
     </span>
    </p>

    <p class='ocr_par' dir='ltr' id='par_1_29' title="bbox 184 4214 1072 4377">
     <span class='ocr_line' id='line_1_32' title="bbox 184 4214 1072 4279; baseline 0.003 -4"><span class='ocrx_word' id='word_1_173' title='bbox 184 4217 222 4275; x_wconf 94' lang='lat' dir='ltr'><strong>In</strong></span> <span class='ocrx_word' id='word_1_174' title='bbox 242 4214 292 4278; x_wconf 86' lang='lat' dir='ltr'><strong>die</strong></span> <span class='ocrx_word' id='word_1_175' title='bbox 312 4217 447 4278; x_wconf 88' lang='lat' dir='ltr'><strong>omnium</strong></span> <span class='ocrx_word' id='word_1_176' title='bbox 469 4227 648 4279; x_wconf 86' lang='lat' dir='ltr'><strong>sanctornm.</strong></span> <span class='ocrx_word' id='word_1_177' title='bbox 693 4219 731 4276; x_wconf 91' lang='lat' dir='ltr'><strong>In</strong></span> <span class='ocrx_word' id='word_1_178' title='bbox 752 4214 802 4278; x_wconf 90' lang='lat' dir='ltr'><strong>die</strong></span> <span class='ocrx_word' id='word_1_179' title='bbox 824 4215 918 4278; x_wconf 83' lang='lat' dir='ltr'><strong>sancti</strong></span> <span class='ocrx_word' id='word_1_180' title='bbox 940 4217 1072 4278; x_wconf 84' lang='lat' dir='ltr'><strong>Martini.</strong></span> 
     </span>
     <span class='ocr_line' id='line_1_33' title="bbox 185 4313 557 4377; baseline 0.003 -3"><span class='ocrx_word' id='word_1_181' title='bbox 185 4314 221 4374; x_wconf 90' lang='lat' dir='ltr'><strong>ln</strong></span> <span class='ocrx_word' id='word_1_182' title='bbox 241 4313 291 4375; x_wconf 93' lang='lat' dir='ltr'><strong>die</strong></span> <span class='ocrx_word' id='word_1_183' title='bbox 311 4313 407 4376; x_wconf 82' lang='lat' dir='ltr'><strong>sancti</strong></span> <span class='ocrx_word' id='word_1_184' title='bbox 429 4315 557 4377; x_wconf 86' lang='lat' dir='ltr'><strong>Andree.</strong></span> 
     </span>
    </p>

    <p class='ocr_par' dir='ltr' id='par_1_30' title="bbox 186 4411 1143 4490">
     <span class='ocr_line' id='line_1_34' title="bbox 186 4411 1143 4490; baseline 0.001 -19"><span class='ocrx_word' id='word_1_185' title='bbox 186 4411 222 4471; x_wconf 91' lang='lat' dir='ltr'><strong>ln</strong></span> <span class='ocrx_word' id='word_1_186' title='bbox 242 4413 290 4474; x_wconf 92' lang='lat' dir='ltr'><strong>die</strong></span> <span class='ocrx_word' id='word_1_187' title='bbox 311 4413 407 4474; x_wconf 83' lang='lat' dir='ltr'><strong>sancti</strong></span> <span class='ocrx_word' id='word_1_188' title='bbox 429 4412 576 4474; x_wconf 88' lang='lat' dir='ltr'><strong>Nicholai.</strong></span> <span class='ocrx_word' id='word_1_189' title='bbox 622 4414 658 4472; x_wconf 91' lang='lat' dir='ltr'><strong>ln</strong></span> <span class='ocrx_word' id='word_1_190' title='bbox 680 4413 730 4473; x_wconf 92' lang='lat' dir='ltr'><strong>die</strong></span> <span class='ocrx_word' id='word_1_191' title='bbox 751 4413 846 4474; x_wconf 87' lang='lat' dir='ltr'><strong>sancti</strong></span> <span class='ocrx_word' id='word_1_192' title='bbox 867 4413 986 4473; x_wconf 90' lang='lat' dir='ltr'><strong>Thome</strong></span> <span class='ocrx_word' id='word_1_193' title='bbox 1007 4414 1143 4490; x_wconf 88' lang='lat' dir='ltr'><strong>apostoli.</strong></span> 
     </span>
    </p>
   </div>
   <div class='ocr_carea' id='block_1_5' title="bbox 0 0 1582 5070">
    <p class='ocr_par' dir='ltr' id='par_1_31' title="bbox 0 0 1582 5070">
     <span class='ocr_line' id='line_1_35' title="bbox 0 0 1582 5070; baseline 0 0"><span class='ocrx_word' id='word_1_194' title='bbox 0 0 1582 5070; x_wconf 95' lang='lat' dir='ltr'><strong> </strong></span> 
     </span>
    </p>
   </div>
  </div>
 </body>
</html>
