3192 5102
125 375 183 474 rv]
410 374 576 473 Gasccny
601 376 713 449 taken
740 376 783 474 by
808 376 955 450 Francc
1162 403 1227 474 231

463 732 515 794 43.
570 713 727 778 Vasconia
742 712 883 797 perdita.

188 864 292 927 Anno
322 864 450 927 domini
482 869 609 927 .m⁰.cc⁰.
641 863 860 947 nonogesimo
893 874 1012 947 quarto
1045 865 1231 948 incipiente,
1246 876 1390 968 {gffin

122 967 156 1030 in
187 968 277 1032 curia
309 969 412 1052 Regis
444 966 583 1032 Francie
612 966 823 1032 abiudicatus
853 977 903 1031 est
935 967 1121 1032 Edwardus
1154 969 1230 1033 Rex
1244 977 1362 1068 fgrngssd

122 1069 248 1155 Anglie
263 1072 306 1136 de
317 1082 390 1136 tota
406 1081 493 1136 terra
505 1071 680 1148 Vasconis,
692 1080 726 1134 et
738 1071 801 1134 hoc
814 1069 1040 1135 fraudulenter
1056 1083 1089 1136 ct
1105 1070 1229 1137 dolose.
1243 1076 1347 1180 Q&

123 1176 209 1241 lnde
235 1188 309 1242 orta
332 1187 383 1242 est
409 1174 575 1242 discordia
600 1177 686 1241 inter
717 1176 845 1259 Regem
878 1175 1004 1258 Anglie
1034 1188 1067 1241 et
1099 1178 1228 1260 Regem
1243 1187 1300 1229 ¹²⁹⁴·

124 1281 152 1344 F
154 1283 270 1347 rancie.
316 1281 472 1364 Quinque
491 1281 651 1364 porticus¹
672 1281 798 1345 iaciunt
814 1280 1076 1364 depredaciones
1091 1294 1125 1347 et
1141 1282 1229 1346 bella

123 1389 229 1451 multa
259 1388 290 1451 in
323 1387 414 1452 mari.
461 1387 554 1452 Lane
585 1407 644 1470 per
678 1386 839 1470 Angliam
871 1386 1089 1469 prohibentur
1119 1388 1228 1453 uendi.

123 1491 245 1556 Fames
258 1512 381 1576 magna
396 1492 430 1556 in
445 1501 533 1556 terra
549 1493 727 1556 intantum
743 1492 834 1574 quod
850 1491 878 1573 .j.
891 1491 1056 1556 bussellus
1072 1493 1227 1558 frumenti

123 1597 257 1662 ualebat
268 1599 300 1660 in
313 1596 426 1681 vigilia
437 1595 693 1679 Assumpcionis
704 1595 802 1660 beate
815 1595 918 1659 marie
928 1597 1031 1660 .xxvi.
1043 1595 1074 1660 d.
1099 1597 1227 1680 Quarto
1241 1599 1372 1706 siffis

121 1703 177 1766 die
207 1703 331 1767 mensis
360 1700 439 1784 Julij
472 1722 589 1765 omnes
619 1700 709 1765 coire
738 1721 814 1764 cum
845 1701 1002 1764 thesauro
1032 1721 1090 1784 per
1119 1711 1226 1766 totam
1241 1705 1331 1747 ”¹¹⁶⁶-

123 1805 283 1890 Angliam
308 1817 377 1872 tam
402 1807 434 1870 in
458 1805 597 1870 ecclesia
623 1826 725 1888 quam
748 1804 826 1868 alibi
850 1825 909 1888 per
932 1805 1100 1869 ministros
1125 1804 1227 1888 Regis

121 1921 200 1977 sunt
229 1913 360 1996 signate
398 1912 439 1975 ad
471 1932 556 1995 opus
588 1909 699 1992 Regis.
744 1909 833 1991 .xvij.
866 1909 941 1973 Kal.
973 1909 1118 1993 Augusti
1151 1910 1228 1974 Rex

121 2016 249 2082 saisiuit
265 2018 446 2101 prioratum
471 2016 513 2080 de
530 2016 731 2080 Bernewelle
752 2034 827 2078 cum
844 2015 999 2078 omnibus
1014 2014 1227 2097 pertinencijs

120 2122 155 2185 in
179 2141 298 2186 manus
320 2141 406 2198 suas,
426 2119 581 2185 videlicet
604 2140 664 2202 pro
686 2120 817 2184 decima
840 2119 1073 2203 episcopique
1096 2141 1116 2183 a
1139 2130 1227 2185 retro
1240 2139 1378 2232 3333&

121 2225 191 2289 suit.
238 2225 315 2290 Non
343 2224 450 2288 multo
477 2233 553 2308 post
583 2223 714 2288 reddita
744 2233 795 2288 est
821 2223 988 2288 canonicis
1010 2224 1144 2307 seysina
1167 2246 1227 2308 per
1238 2239 1354 2332 &elelan-

121 2329 222 2392 breue
247 2328 350 2411 Regis
373 2327 416 2391 de
438 2327 614 2404 scaccario,
637 2328 731 2392 cuius
753 2337 849 2392 tenor
872 2327 949 2392 talis
972 2338 1042 2392 est:
1239 2321 1343 2443 gatils.

175 2459 332 2512 Edwardus
346 2459 406 2512 Rex
418 2458 523 2528 Anglie
535 2467 587 2513 etc.
602 2457 758 2513 vicecomiti
774 2457 954 2526 Cantebrigie
966 2466 995 2514 et
1012 2457 1227 2528 Huntingdouie

120 2548 248 2602 salutem.
288 2545 361 2616 Quia
375 2545 455 2600 Prior
471 2556 499 2601 et
518 2548 684 2602 Conuentus
703 2545 739 2601 de
753 2547 924 2602 Bernewelle
937 2543 1132 2602 satisfecerunt
1145 2547 1228 2602 nobis

120 2634 157 2689 de
173 2635 294 2705 pecunia
310 2633 419 2690 decime
436 2651 524 2704 penes
542 2633 618 2705 ipsos
635 2633 771 2704 deposite,
784 2651 835 2705 pro
851 2634 930 2690 cuius
946 2633 1058 2690 defectu
1076 2651 1165 2705 nuper
1177 2635 1227 2688 tibi

120 2722 298 2794 precepimus
317 2721 393 2793 quod
412 2721 571 2777 Prioratum
588 2722 668 2776 illum
685 2738 749 2776 cum
769 2719 902 2776 omnibus
920 2721 1001 2776 terris
1017 2730 1046 2775 et
1059 2721 1228 2778 tenementis

120 2822 149 2866 et
161 2810 252 2866 eciam
268 2809 351 2866 bonis
367 2818 395 2866 et
412 2809 522 2865 catallis
535 2808 593 2865 suis
611 2827 727 2881 caperes
741 2809 768 2864 in
783 2827 899 2864 manum
913 2818 1047 2876 nostram,
1060 2819 1088 2864 et
1101 2826 1136 2866 ea
1147 2809 1228 2864 saluo

119 2899 284 2966 custodires,
309 2899 350 2954 ita
373 2899 450 2970 quod
475 2899 511 2954 de
534 2897 656 2955 exitibus
681 2899 836 2954 eorundem
865 2898 948 2953 nobis
977 2898 1163 2969 responderes
1190 2898 1227 2954 ad

120 2987 294 3044 scaccarium
315 2997 442 3042 nostrum
465 2987 556 3043 donec
582 2986 658 3042 aliud
682 2988 732 3043 tibi
759 2989 825 3043 inde
850 2987 1066 3060 preciperemus,
1091 2987 1141 3042 tibi
1167 3005 1227 3058 pre·

118 3075 240 3147 cipimus
256 3074 333 3146 quod
349 3075 386 3130 de
401 3076 525 3146 prioratu
543 3075 668 3147 predicto
683 3087 732 3131 aut
751 3076 831 3131 terris
848 3085 898 3131 aut
914 3075 1082 3132 tenementis
1099 3077 1182 3132 bonis
1199 3089 1228 3133 et

119 3165 228 3220 catallis
241 3165 374 3235 predictis
386 3165 518 3222 decetero
531 3167 682 3221 occasione
696 3167 823 3237 predicta
835 3167 864 3220 in
877 3165 955 3222 nullo
966 3176 995 3221 te
1007 3164 1187 3234 intromittas,
1200 3175 1227 3220 et

119 3254 217 3321 exitus,
230 3255 253 3308 si
267 3271 338 3324 quos
351 3253 417 3309 inde
429 3254 597 3325 perceperis,
610 3255 718 3310 eisdem
732 3255 794 3310 sine
810 3255 950 3309 dilacione
966 3253 1105 3310 restituas.
1142 3256 1228 3309 Teste

119 3343 165 3396 W.
180 3341 354 3397 Bathonensi
367 3353 395 3397 et
409 3341 545 3398 Wellensi
559 3341 712 3412 Episcopo,
726 3341 901 3397 thesaurario
913 3341 1033 3408 nostroi,
1045 3340 1122 3413 apud
1135 3341 1228 3397 West-

119 3430 322 3487 monasterium
335 3430 415 3486 .xxvi.
429 3429 476 3486 die
487 3430 552 3502 Julij
566 3447 642 3486 anno
656 3430 734 3501 regni
748 3429 836 3486 nostri
849 3429 933 3500 .xxij⁰.

292 3675 344 3738 44
389 3657 492 3723 Breue
514 3657 616 3743 Regis
630 3667 747 3743 patens
768 3657 807 3724 de
828 3657 1053 3742 acquietamia.

174 3803 330 3860 Edwardus
359 3805 405 3860 dei
433 3805 531 3876 gracia
557 3817 611 3861 etc.
637 3804 779 3860 Omnibus
808 3804 846 3859 ad
870 3820 941 3874 quos
966 3812 1111 3873 presentes
1136 3803 1228 3859 littere
1243 3813 1339 3855 benere

119 3893 297 3964 peruenerint
314 3894 443 3950 salutem.
482 3893 628 3950 Noueritis
641 3911 694 3949 nos
707 3891 847 3964 recepisse
859 3893 895 3946 ad
909 3891 1083 3946 scaccarium
1100 3901 1227 3946 nostrum
1241 3868 1336 3954 2:33³*

119 3981 166 4037 die
190 3981 374 4038 confectionis
399 3983 577 4053 presencium
597 3982 633 4039 de
658 3981 768 4037 dilectis
793 3981 876 4036 nobis
897 3979 926 4034 in
947 3977 1061 4034 Christo
1082 3978 1178 4034 Priore
1199 3989 1228 4034 et
1242 3961 1347 4062 {⁷Jfssy·

119 4071 267 4124 Conuentu
281 4069 317 4124 de
336 4070 508 4126 Bernewelle
525 4079 686 4139 nongentas
699 4067 797 4139 viginti
812 4076 840 4122 et
852 4067 976 4138 quinque
988 4065 1083 4132 libra,
1096 4065 1228 4120 Vssdfflim
1242 4075 1270 4104 '⁰
1288 4074 1357 4104 now-

1242 4111 1343 4165 ledgina
1350 4113 1392 4155 the

119 4157 234 4224 solidos,
254 4168 363 4229 septem
382 4157 523 4227 denarios,
535 4168 564 4214 et
584 4160 707 4224 obolum,
725 4175 797 4229 quos
817 4157 976 4212 habuerunt
997 4154 1024 4210 in
1045 4153 1175 4224 deposito
1192 4153 1227 4253 de
1241 4163 1371 4255 :emtor

118 4245 244 4315 denarijs
255 4247 365 4302 decime
378 4246 406 4302 in
420 4246 579 4302 subsidium
592 4257 665 4303 terre
676 4257 774 4302 sancte
787 4262 922 4301 concesse
936 4261 985 4314 per
1002 4260 1117 4298 manum
1134 4241 1229 4297 iratus
1242 4263 1370 4324 ceponius

120 4334 236 4390 Roberti
262 4334 298 4390 de
325 4335 471 4390 Holritone
498 4333 627 4391 canonici
658 4333 785 4389 eiusdem
815 4333 926 4399 domus,
955 4332 1048 4402 ipsam
1077 4329 1228 4401 pecuniam
1241 4313 1376 4407 ffl‘ss'ssd

217 4472 227 4504 r
245 4475 294 4526 See
306 4475 394 4533 above,
407 4475 518 4540 Chapter
530 4491 570 4538 4¹·
845 4469 856 4502 2
872 4473 920 4523 See
932 4473 1020 4532 above,
1035 4487 1060 4536 p.
1075 4485 1129 4535 ²²9·
1242 4415 1352 4457 canons.
