3222 5086
154 403 218 508 111]
407 405 529 480 leoseo'
549 414 586 480 to
621 404 790 478 William
816 401 1012 476 Barbedor
1193 421 1259 494 157

155 593 285 661 Rogerus
302 608 360 646 non
377 601 420 646 est
436 591 518 646 heres
535 589 719 662 propinquior
731 589 850 660 predicti
862 587 1005 656 Willelmi,
1018 585 1085 657 quia
1097 586 1165 641 dicit
1183 586 1261 657 quod

154 680 230 736 idern
243 681 371 749 Rogems
384 679 470 733 habet
483 678 626 750 quendam
635 678 750 734 fratrem
763 688 829 734 ante
842 677 955 732 natum¹
967 674 1016 748 [de
1028 676 1129 730 eodem
1142 685 1221 746 patre
1234 685 1262 730 et

153 769 255 824 eadem
279 779 370 823 matre
391 767 565 822 Willelmum
586 766 702 822 nomine
722 766 771 837 qui
793 766 885 820 adhuc
907 773 1050 835 superstes
1075 773 1117 818 est
1140 759 1193 834 [et]
1214 763 1262 834 qui

153 855 338 927 propinquior
356 871 418 908 esse
436 854 520 909 debet
539 863 598 908 tam
617 853 646 908 in
663 853 726 922 jure
744 870 830 924 quarn
851 851 881 906 in
900 850 1080 922 possessione
1098 851 1264 905 hereditatis

154 943 244 1014 ipsius
263 942 395 996 Willelmi
416 941 624 1011 consequende‚
643 941 719 997 vnde
737 941 807 1011 petit
826 939 969 1004 iudicium,
989 948 1041 994 etc.

210 1031 248 1084 Et
268 1032 396 1098 Rogerus
415 1030 487 1083 bene
505 1028 651 1098 cognoscit
667 1028 742 1098 quod
762 1027 905 1098 predictus
921 1025 1080 1081 Willelmus
1096 1024 1180 1080 frater
1197 1041 1264 1079 suus

154 1125 306 1173 antenatus
324 1117 417 1172 adhuc
434 1125 577 1187 superstes
595 1127 638 1171 est
656 1127 699 1171 set
710 1115 779 1170 dicit
795 1115 871 1187 quod
886 1115 963 1169 idern
974 1113 1133 1168 Willelmus
1150 1113 1220 1168 nihil
1236 1113 1263 1166 in

154 1205 325 1261 tenementis
338 1204 398 1260 istis
411 1204 455 1258 vel
469 1203 609 1275 aliquibus
622 1203 684 1259 aliis
697 1221 748 1274 per
760 1204 928 1258 descensum
939 1202 975 1256 de
984 1201 1112 1272 predicto
1123 1201 1264 1255 Willelmo

155 1305 235 1366 patre
254 1303 306 1348 etc.
326 1293 385 1347 iure
403 1291 573 1347 hereditario
591 1292 742 1348 vendicare
761 1303 863 1362 potest.
901 1291 980 1346 Dicit
998 1289 1074 1345 enirn
1093 1289 1170 1360 quod
1189 1288 1265 1344 idem

156 1382 315 1436 Willelmus
328 1381 409 1447 filius,
422 1391 473 1434 etc.
485 1380 614 1434 habiturn
627 1378 770 1450 religionis
783 1381 811 1433 in
826 1378 924 1434 ordine
937 1377 1050 1434 Cister'ri
1063 1377 1139 1449 apud
1149 1378 1266 1432 domum

156 1471 192 1525 de
202 1469 283 1524 Valle
295 1470 349 1524 Dei
365 1471 392 1524 in
405 1471 484 1524 Com.
497 1466 586 1523 Line.²
596 1468 718 1537 suscepit
731 1476 759 1522 et
772 1467 801 1521 in
814 1467 915 1522 eodem
928 1467 1027 1521 ordine
1036 1466 1113 1522 stetit
1123 1476 1150 1521 et
1160 1465 1266 1520 ibidem

156 1556 299 1629 professus
312 1556 363 1610 suit
376 1556 450 1610 vnde
464 1555 531 1610 dicit
545 1557 621 1626 quod
636 1573 686 1625 per
699 1554 895 1610 dimissionem
912 1565 940 1609 et
957 1553 1160 1623 professionem
1178 1554 1266 1625 ipsius

158 1643 290 1698 Willelmi
315 1655 359 1698 est
384 1644 444 1714 ipsc
471 1645 597 1713 Rogerus
623 1644 660 1697 ad
685 1659 802 1714 presens
829 1643 1011 1714 propinquior
1039 1643 1120 1698 heres
1147 1642 1266 1713 predicti

157 1732 291 1788 Willelmi
305 1731 393 1802 patris
405 1743 457 1786 etc
472 1734 500 1786 in
513 1731 647 1803 predictis
664 1731 832 1786 tenementis
849 1749 883 1787 ex
900 1741 979 1802 parte
995 1731 1114 1803 predicti
1131 1731 1266 1785 Willelmi

156 1822 245 1892 patris
258 1831 311 1877 etc.
325 1822 462 1892 petendis

211 1910 249 1964 Et
276 1909 354 1963 Prior
379 1909 451 1963 bene
475 1909 621 1978 cognoscit
645 1908 723 1979 quod
751 1907 894 1977 predictus
923 1907 1082 1962 Willelmus
1111 1907 1184 1961 filius
1214 1917 1265 1960 etc.

157 1999 301 2070 professus
317 1998 368 2052 fuit
386 1999 415 2052 in
432 1998 558 2068 predicto
575 1997 673 2052 ordine
691 2007 734 2052 set
751 1996 820 2052 dicit
837 1997 913 2068 quod
930 1995 1068 2068 professio
1086 1996 1134 2050 illa
1150 1995 1267 2051 omnino

157 2085 265 2142 irritata
283 2084 334 2140 fuit
353 2095 380 2138 et
399 2081 592 2156 adnichilata]

571 2245 620 2310 79.
669 2229 853 2304 Juratores.

212 2361 355 2430 Juratores
363 2357 459 2413 dicunt
470 2375 554 2428 super
564 2369 772 2414 sacramentum
781 2377 863 2413 suurn
872 2359 950 2429 quod
957 2358 1100 2429 predictus
1108 2359 1267 2414 Willelmus
1280 2365 1431 2408 'roeverdler

158 2447 196 2502 de
211 2446 290 2502 cuius
308 2457 398 2501 morte
417 2454 468 2500 ete.
488 2445 588 2500 habuit
605 2445 677 2500 duos
697 2446 778 2512 filios,
798 2445 903 2500 scilicet
926 2445 1070 2516 quendam
1093 2447 1266 2501 Willelmum
1279 2416 1421 2508 ffiffiffi

159 2541 226 2586 ante
244 2541 342 2585 natum
364 2540 393 2585 et
411 2531 569 2600 predictum
592 2532 734 2601 Rogerum
755 2539 819 2600 post
837 2539 944 2584 natum.
983 2530 1037 2600 Qui
1059 2531 1175 2600 quidem
1194 2531 1267 2585 filius
1280 2517 1430 2619 fflmhe

160 2628 328 2673 antenatus
349 2616 462 2672 uiuente
487 2617 613 2687 predicto
633 2617 778 2672 Willelmo
803 2628 881 2688 patre
901 2629 964 2681 ete,
988 2619 1113 2687 suscepit
1138 2619 1266 2674 habitum
1281 2616 1411 2710 mciii„

159 2705 282 2775 religiosi
308 2704 337 2760 in
362 2704 461 2759 ordine
483 2705 600 2759 fratrum
623 2705 659 2759 de
681 2706 780 2760 Monte
803 2706 925 2760 Carmeli
947 2705 1024 2776 apud
1047 2707 1266 2776 Cantebn'giam,
1395 2697 1402 2710 ’

160 2805 189 2848 et
200 2795 228 2848 iu
243 2792 345 2848 eodem
358 2792 457 2846 ordine
469 2791 612 2862 professus
622 2792 681 2846 suit.
714 2793 821 2848 Dicunt
831 2792 922 2848 eciam
933 2795 1009 2866 quod
1020 2793 1095 2848 idem
1108 2795 1267 2850 Willelmus

160 2883 259 2938 uolens
278 2899 309 2936 se
327 2883 364 2936 ad
384 2881 520 2935 arciorem
538 2881 626 2934 vitam
646 2881 798 2936 transferre
817 2880 941 2951 suscepit
966 2882 1094 2936 habitum
1117 2879 1268 2953 relig[iosi]

160 2971 267 3027 ordinis
287 2969 491 3040 cysterciensis
510 2969 539 3024 in
555 2970 641 3025 domo
656 2969 692 3024 de
707 2971 789 3024 Valle
809 2969 872 3037 Dei,
886 2981 913 3024 et
929 2969 1074 3026 incudem
1091 2972 1190 3026 ordine
1205 2988 1267 3041 pro·

160 3060 252 3114 fessus
264 3058 323 3112 luit.
362 3059 400 3112 Et
419 3056 516 3111 dicunt
529 3058 605 3128 quod
621 3069 721 3128 postea
736 3075 869 3128 processu
887 3057 1021 3127 temporis
1033 3059 1156 3128 quedam
1169 3059 1269 3114 mulier

161 3163 291 3202 asserens
320 3145 414 3216 ipsum
444 3146 618 3200 Willelmum
645 3155 713 3200 ante
743 3145 957 3215 suscepcionem
985 3146 1099 3202 habitus
1125 3147 1269 3218 vtriusque

162 3234 269 3290 ordinis
282 3233 494 3288 matrimonium
504 3249 568 3287 cum
577 3233 639 3301 ipsa
646 3233 827 3298 contraxisse,
838 3233 927 3286 mouit
936 3249 1020 3303 super
1027 3233 1081 3288 hoc
1091 3235 1268 3304 questionem

161 3340 261 3378 uersus
273 3321 430 3394 predictum
445 3317 642 3390 W[illelmum]
654 3337 750 3374 coram
764 3319 818 3374 loci
835 3319 992 3387 ordinariis,
1003 3330 1031 3375 et
1044 3321 1145 3390 ipsum,
1155 3323 1269 3378 racione

162 3416 374 3478 precoutractus
387 3403 569 3472 matrimonij‚
582 3403 792 3458 disracionauit.
825 3406 863 3460 Et
875 3406 973 3460 dicunt
984 3405 1061 3475 quod
1075 3404 1149 3461 idem
1163 3407 1269 3461 Willel-

163 3511 226 3548 mus
239 3493 332 3548 adhuc
345 3500 488 3563 superstes
506 3501 556 3545 est
596 3492 727 3546 Preterea
744 3491 842 3547 dicunt
857 3492 933 3561 quod
948 3491 1093 3563 predictus
1110 3493 1270 3548 Willelmus

163 3584 200 3639 de
221 3583 301 3638 cuius
325 3591 415 3635 morte
439 3591 491 3635 etc.
517 3597 575 3634 non
601 3579 671 3650 obijt
696 3581 816 3649 seysitus
838 3581 874 3636 de
897 3579 1030 3650 predictis
1052 3582 1220 3636 tenementis
1240 3582 1269 3636 in

164 3672 308 3727 dominico
320 3687 371 3724 suo
384 3679 413 3722 vt
431 3669 467 3723 de
482 3668 575 3722 feodo.
613 3669 651 3723 Et
664 3669 741 3740 quod
759 3669 835 3725 idem
848 3670 1007 3724 Willelmus
1024 3667 1112 3724 nichil
1124 3671 1223 3726 habuit
1240 3670 1268 3723 in
1280 3665 1300 3716 f·
1316 3665 1370 3728 5Βδ

163 3760 271 3815 eisdem
284 3759 339 3813 nisi
351 3754 413 3828 [ad]
425 3755 577 3810 terminum
589 3755 646 3810 uite
663 3766 782 3823 tantum,
796 3773 829 3810 ex
842 3757 1006 3812 dimissione
1024 3757 1142 3827 predicti
1158 3757 1268 3811 Prioris.

164 3849 203 3903 Et
227 3847 291 3901 ideo
310 3845 520 3900 consideratum
543 3852 586 3897 est
605 3843 683 3914 quod
704 3844 848 3913 predictus
870 3844 949 3900 Prior
972 3857 1018 3900 eat
1042 3845 1108 3899 iude
1130 3844 1191 3900 siue
1215 3845 1269 3912 die,

164 3946 192 3990 et
205 3935 280 4005 quod
294 3933 436 4002 predictus
453 3932 581 4000 Rogems
596 3931 684 3985 nichil
703 3930 797 4002 capiat
815 3949 864 4002 per
879 3948 1008 4001 assysam
1026 3931 1110 3988 istam
1127 3943 1169 3988 set
1187 3932 1223 3988 sit
1239 3934 1269 3987 in

164 4019 359 4077 misericordia
370 4035 421 4090 pro
434 4019 505 4072 laiso
518 4019 641 4072 clamore
654 4017 724 4074 etc.³

214 4143 223 4176 ¹
239 4144 295 4194 The
309 4143 365 4192 lllS.
378 4141 440 4190 ends
453 4157 480 4190 as
493 4140 601 4190 follows:
618 4141 774 4191 willelmum
790 4142 892 4192 nomine
907 4141 986 4190 filium
998 4151 1022 4191 et
1033 4141 1151 4192 heredem
1163 4141 1269 4206 predicti

165 4225 295 4286 Willelmi,
307 4225 340 4274 de
350 4225 420 4273 cuius
431 4231 511 4272 morte
522 4231 570 4273 etc.
605 4223 638 4272 Et
648 4222 682 4273 de
693 4223 740 4272 hoc
752 4223 824 4288 ponit
836 4239 862 4272 se
873 4239 948 4288 super
957 4238 1066 4287 assyssm
1077 4230 1125 4273 etc.

214 4305 225 4338 ⁹
240 4307 354 4371 Vaudey‚
366 4307 394 4355 in
406 4305 449 4355 the
460 4304 544 4370 parish
556 4304 585 4354 ol
593 4305 734 4366 Edeubam,
749 4305 775 4356 S.
791 4305 971 4356 Lincolnshire

214 4386 266 4440 ’A
284 4390 383 4439 eurious
402 4403 467 4445 osse,
487 4387 616 4452 involving
635 4387 678 4437 the
700 4396 768 4452 story
786 4387 816 4437 oi
834 4403 849 4436 a
871 4403 971 4437 woman
994 4387 1051 4438 who
1073 4387 1206 4437 recovered
1225 4389 1271 4440 her

165 4473 279 4524 husband
296 4483 338 4521 out
356 4469 385 4520 ol
398 4487 415 4520 ι
431 4470 547 4535 religious
563 4471 645 4521 order.
