3212 5064
143 353 176 456 1]
317 356 420 430 How
444 355 547 430 Paiu
572 355 733 430 Pavorcl
754 355 947 430 snccecdaa'
967 354 1082 454 Pycot
1206 377 1250 447 41

144 549 341 618 conuentus,
364 542 453 606 diem
481 541 523 605 de
549 542 698 625 parendo
723 542 784 606 iuri
812 542 845 606 in
873 541 963 606 curia
991 542 1076 624 regis
1099 541 1162 605 sibi
1186 560 1258 623 pre·

145 644 252 709 lixum
285 646 445 729 fugiendo
475 649 635 730 preuenit.
690 647 793 712 Cuius
823 647 963 711 baronia
992 648 1035 710 de
1066 648 1135 710 iure
1166 645 1259 728 regni
1272 654 1289 706 t.
1308 653 1362 705 nb

146 749 227 814 fisco
246 751 397 826 cedente,
412 751 533 815 domus
553 751 611 815 illa
631 751 834 834 paupercula
858 750 946 815 facta
968 761 1019 814 est
1042 749 1104 813 sub
1125 748 1259 813 tributo,

147 853 277 920 Omnes
301 855 407 920 eciam
431 857 529 920 amici
552 857 622 920 eius
645 865 842 940 spreuerunt
865 876 939 920 eam
963 865 997 920 et
1022 854 1100 920 sacti
1128 864 1206 918 sunt
1229 855 1259 918 ei
1316 859 1319 866 ’

148 979 281 1024 mrmrcr.

487 1125 514 1187 8.
561 1123 612 1187 Dc
633 1124 772 1208 Pagano
794 1123 936 1188 Pacarii.

216 1260 422 1324 Procedente
435 1281 514 1324 uero
530 1269 680 1345 tempore
697 1262 838 1327 contulit
850 1262 1007 1325 dominus
1020 1282 1080 1325 rex
1095 1260 1262 1324 Henricus
1276 1247 1426 1345 Qffl

149 1365 323 1428 baroniam
341 1363 431 1428 illam
445 1366 578 1428 cuidam
592 1385 652 1428 suo
665 1365 819 1430 familiari
832 1366 957 1430 scilieet
971 1367 1107 1448 Pagano
1125 1362 1261 1428 Peuerel

150 1470 284 1553 egregio
300 1468 407 1546 militi,
424 1469 523 1532 armis
540 1469 669 1552 insigni,
682 1471 805 1536 milicia
821 1471 969 1554 pollenti,
982 1470 1107 1534 uiribus
1124 1471 1262 1553 potenti,

150 1584 183 1638 et
202 1595 304 1657 super
323 1593 440 1636 omnes
461 1575 553 1657 regni
578 1595 729 1658 proceres
752 1575 872 1640 bellico
895 1597 957 1640 usu
981 1573 1147 1639 laudabili.
1194 1573 1261 1658 Qui
1276 1552 1425 1647 {¹5}thsp

151 1688 263 1760 partes
279 1676 493 1760 Cantebrigie
509 1677 634 1755 adiens,
650 1687 684 1742 et
700 1679 791 1744 illam
811 1680 950 1743 domum
966 1678 1152 1742 desolatam
1168 1687 1203 1741 et
1218 1677 1260 1741 ad
1275 1655 1323 1748 {1¹2¹}
1324 1665 1366 1706 ‘⁸⁶
1375 1652 1404 1695 ⁰¹

152 1780 311 1845 nichilum
333 1783 502 1845 redactam
524 1782 666 1858 intuens,
682 1783 746 1847 deo
769 1784 952 1866 inspirante
972 1792 1006 1847 et
1023 1783 1122 1847 beato
1139 1781 1262 1864 Egidio
1276 1755 1385 1798 cmm

153 1887 184 1949 id
211 1891 396 1969 operante¹,
423 1905 523 1968 super
545 1907 585 1950 ea
612 1885 803 1964 condolens,
828 1885 890 1970 [et]
914 1886 998 1951 infra
1022 1896 1128 1951 semet
1152 1887 1261 1970 ipsum

152 1989 350 2068 deliberans,
370 1992 509 2054 tandem
530 1993 680 2074 prorupit
701 1991 893 2055 inuocem:
922 1991 953 2056 Τ
950 1991 1077 2074 aginta
1099 2012 1263 2055 annorum

145 2094 205 2173 sui
214 2093 371 2176 baptismo
383 2104 595 2176 regeneratus.
629 2092 785 2178 Triginta
797 2116 959 2159 annorum
970 2117 1023 2159 cro
1035 2095 1070 2159 in
1087 2095 1263 2159 nouissimo

153 2197 204 2260 dic
230 2197 479 2262 resuscitandus.
539 2197 693 2282 Triginta
718 2197 772 2261 hic
799 2199 992 2262 constituam
1018 2200 1184 2263 canonicos
1201 2211 1265 2282 per

153 2303 205 2366 dci
217 2303 370 2385 graciam
393 2324 443 2366 mc
461 2301 510 2366 ad
527 2313 670 2367 eternam
691 2304 796 2367 uitam
812 2303 1037 2387 producturos,
1051 2314 1083 2369 ct
1099 2305 1183 2369 sicut
1200 2304 1264 2368 loco

153 2405 278 2470 lrcrcdis
299 2407 434 2470 successi
457 2406 574 2488 Pycoto
597 2408 646 2470 ad
667 2407 874 2472 hereditatem
894 2410 1134 2492 possidendam,
1161 2411 1209 2474 ita
1234 2409 1266 2472 ci

153 2511 315 2574 succedam
345 2511 394 2574 ad
419 2511 550 2575 domum
580 2511 678 2576 istam
704 2512 878 2576 ditandam
904 2523 936 2577 ct
959 2512 1152 2596 sufficienter
1178 2513 1263 2578 dila-

156 2615 299 2679 tundam.

457 2793 487 2856 9.
531 2775 586 2839 Dc
605 2777 668 2840 loco
690 2775 729 2840 dc
750 2775 954 2843 Barnewelle.

221 2912 352 2978 Uidens
374 2925 488 2978 autem
512 2913 622 2977 locum
646 2913 703 2977 ubi
726 2913 847 2977 domus
869 2935 984 2979 eorum
1007 2915 1071 2980 sita
1097 2926 1169 2980 erat
1196 2937 1263 2980 non
1277 2921 1416 3014 affl„

157 3015 305 3081 sufficere
327 3019 369 3081 ad
392 3037 508 3082 omnes
529 3017 678 3081 officinas
698 3019 867 3082 canonicis
886 3021 954 3083 suis
976 3021 1194 3098 necessarias,
1204 3041 1263 3086 nec
1277 3033 1428 3116 3¹32&oe

157 3123 261 3185 eciam
277 3143 400 3205 aquam
417 3124 530 3187 uiuam
547 3124 581 3187 in
597 3144 632 3187 se
644 3125 822 3202 continere,
834 3125 1026 3208 impetrauit
1042 3124 1097 3190 ille
1111 3127 1264 3210 egregius
1277 3123 1429 3214 'gffign

159 3226 311 3310 Paganus
344 3225 477 3291 Peuerel
505 3248 526 3291 a
552 3247 629 3310 rege
657 3229 806 3293 Henrico
832 3229 942 3294 locum
970 3233 1139 3313 quendam
1166 3243 1264 3296 extra
1277 3221 1429 3324 ξξζέὲῗξ,

159 3330 304 3416 Burgum
337 3330 550 3414 Cantebrigie
581 3353 601 3396 a
632 3351 755 3414 magna
785 3333 898 3416 platea
930 3355 1034 3418 usque
1061 3336 1094 3399 in
1122 3336 1263 3400 riueram
1278 3322 1332 3368 ⁸¹³⁸·

159 3435 371 3518 Cantebrigie
394 3456 430 3499 se
453 3436 703 3516 extendentem,
726 3447 761 3502 et
784 3440 966 3504 amenitate
989 3441 1071 3505 situs
1095 3441 1158 3505 loci
1183 3442 1264 3506 satis

158 3540 397 3606 delectabilem.
439 3539 540 3603 Porro
556 3540 599 3605 dc
615 3541 703 3605 illius
719 3541 781 3606 loci
799 3545 910 3607 medio
926 3543 1078 3608 fonticuli
1094 3546 1176 3610 satis
1191 3545 1264 3628 puri
1278 3553 1408 3606 Whrtffl·

158 3655 191 3709 et
220 3645 323 3709 viuidi
354 3645 567 3723 emanabant,
599 3644 742 3728 Anglice
773 3645 985 3725 Barnewelle,
1011 3648 1044 3712 id
1075 3657 1126 3712 est
1157 3603 1389 3714 sontesiffiii⁸⁸

159 3769 345 3832 puerorum,
366 3768 406 3810 eo
429 3757 580 3831 tempore
603 3747 771 3832 appellati,
791 3770 831 3813 eo
854 3752 943 3833 quod
968 3753 1060 3834 pueri
1081 3761 1115 3816 et
1136 3750 1266 3817 adoles·
1280 3704 1413 3749 an'

159 3864 271 3918 centes
287 3854 390 3918 semel
406 3875 466 3937 per
480 3873 615 3930 annum,
629 3855 660 3918 in
674 3854 787 3937 vigilia
803 3855 929 3921 scilicet
946 3855 1143 3920 Natiuitatis
1158 3857 1266 3921 sancti

159 3955 322 4038 Johannis
339 3957 498 4040 Baptiste‚
511 3958 578 4021 illic
593 3960 831 4023 conuenientes
848 3979 940 4023 more
957 3959 1145 4044 Anglorum
1163 3962 1266 4025 lucta·

162 4063 251 4127 mina
273 4072 308 4126 et
331 4060 397 4126 alia
420 4061 557 4126 ludicria
580 4063 783 4127 exercebant
806 4063 954 4145 puerilia,
978 4075 1011 4128 et
1036 4065 1211 4129 cantilenis
1234 4076 1267 4130 et

163 4169 294 4231 musicis
326 4167 555 4230 instrumentis
584 4168 648 4231 sibi
679 4168 820 4233 inuicem
852 4169 1110 4252 applaudebant.
1166 4169 1268 4234 Vnde

163 4280 295 4354 propter
311 4269 443 4334 turbam
459 4290 637 4354 puerorum
659 4281 693 4334 et
708 4270 893 4352 puellarum
916 4271 981 4336 illic
997 4273 1267 4338 concurrentium

606 4399 615 4432 ¹
632 4402 759 4467 opinante,
771 4402 829 4453 MS.
