3222 5086
142 337 206 438 111]
382 340 564 440 Vicarage
587 339 636 438 of
655 339 817 415 Guz'lden
843 339 1004 415 Morden
1180 361 1247 434 175

140 511 267 589 c'uriam
293 524 396 608 Regis
423 546 484 609 pro
510 524 722 608 impetranda
749 525 955 609 protectione
981 525 1110 590 domini
1138 526 1250 608 Regis.

142 630 265 695 Postea
284 631 452 695 commisit
472 629 741 715 archiepiscopus
762 651 897 695 causam
914 632 1148 696 archidiacono
1165 631 1246 695 Nor·
1262 639 1280 690 t.
1294 639 1326 702 65

140 735 296 817 wycensi,
311 735 436 800 scilicet
455 737 616 818 magistro
637 735 768 800 Thome
789 735 832 802 de
854 737 1067 819 Scerningge‚
1083 737 1141 801 sed
1160 736 1252 800 Prior

140 839 184 904 de
215 839 386 924 Gipwyco,
416 842 519 906 iudex
550 842 733 924 delegatus,
760 842 903 907 inhibuit
932 843 963 906 ei
990 842 1052 906 sub
1079 861 1167 925 pena
1192 863 1251 905 ex-

140 944 453 1008 communicationis
483 965 526 1010 ne
549 947 749 1029 procederet.
797 945 874 1030 lpse
896 946 1147 1010 archidiaconus
1174 955 1253 1010 tunc

141 1047 269 1112 remisit
299 1068 435 1112 causam
465 1047 726 1133 archiepiscopo
756 1058 791 1113 et
828 1047 1095 1132 archiepiscopus
1133 1049 1252 1112 iterum

142 1151 221 1216 lecit
246 1153 349 1218 citare
377 1153 524 1218 Priorem
551 1163 588 1218 ut
615 1162 823 1237 compareret
849 1173 960 1218 coram
992 1173 1033 1216 eo
1064 1153 1253 1236 ubicunque

143 1266 232 1322 esset
252 1257 286 1320 in
308 1258 487 1341 prouincia
534 1259 601 1324 Sed
626 1259 719 1323 Prior
739 1258 782 1323 de
798 1257 961 1342 Gipwyco
985 1257 1127 1322 inhibuit
1147 1257 1253 1322 archi-

141 1361 301 1444 episcopo
342 1381 384 1426 ne
425 1363 626 1446 procederet
683 1363 750 1429 Sed
788 1362 1057 1444 archiepiscopus
1098 1361 1141 1425 de
1182 1361 1253 1424 eius

143 1465 345 1530 inhibicione
361 1485 428 1530 non
444 1467 582 1544 curauit,
598 1467 656 1531 sed
675 1467 821 1531 Priorem
837 1466 880 1531 de
896 1465 1098 1530 Bemewelle
1116 1486 1253 1530 excom-

144 1567 335 1634 municauit
382 1569 474 1633 Prior
499 1568 542 1634 de
569 1567 771 1634 Bemewelle
798 1567 983 1653 appellauit
1008 1569 1051 1633 ad
1078 1569 1252 1633 dominum

144 1693 268 1757 papam
292 1683 327 1737 et
350 1674 394 1738 ad
415 1673 596 1739 tuicionem
616 1675 705 1739 sedis
726 1673 986 1750 Cantuariensis,
1006 1683 1040 1738 et
1061 1675 1253 1758 impetrauit

144 1798 164 1841 a
185 1777 313 1842 decano
334 1777 377 1842 de
393 1777 534 1842 arcubus
550 1776 786 1842 inhibicionem
808 1778 934 1842 clericis
956 1778 1195 1863 archiepiscopi
1210 1799 1253 1843 ne

144 1883 370 1966 procederent
408 1881 505 1945 Tunc
516 1881 619 1945 iratus
628 1881 896 1966 archiepiscopus
909 1882 987 1948 iecit
998 1883 1092 1948 citari
1106 1883 1252 1948 Priorem

143 1985 187 2050 de
217 1985 388 2070 Gipwyco,
419 1985 477 2050 sed
510 1986 601 2050 Prior
630 1986 673 2051 de
705 1987 906 2052 Bemewelle
935 1988 1146 2053 conseruauit
1175 2010 1251 2054 eum

144 2093 369 2176 indempnem.
414 2093 511 2157 Tunc
528 2092 638 2156 Lucas
653 2092 794 2156 vicarius
810 2093 974 2157 conduxit
990 2093 1100 2176 plures
1112 2093 1253 2176 juuenes

145 2205 182 2261 ut
204 2195 238 2260 ui
261 2206 470 2278 asportarent
493 2197 640 2260 decimas
662 2217 746 2280 quas
772 2197 1041 2283 archiepiscopus
1066 2201 1096 2264 ei
1123 2201 1253 2265 adiudi-

144 2303 243 2376 cauit,
271 2311 305 2367 et
336 2322 396 2386 per
424 2301 589 2366 decanum
620 2301 663 2366 de
694 2302 893 2384 Papworthe
922 2303 1067 2368 eundem
1098 2304 1188 2367 misit
1219 2304 1252 2368 in

143 2407 387 2490 possessionem
404 2427 463 2489 per
479 2426 578 2470 unam
592 2407 731 2488 garbam
744 2427 845 2490 quam
859 2407 971 2490 posuit
981 2428 1080 2491 super
1092 2428 1253 2491 magnum

144 2511 248 2576 altare
278 2511 321 2576 de
352 2510 525 2576 Mordone.
572 2511 639 2576 Sed
670 2511 822 2575 canonici
856 2511 899 2576 de
937 2513 1139 2578 Bemewelle
1176 2533 1252 2577 cum

144 2615 338 2680 manuforti
355 2614 399 2678 ibi
416 2613 613 2679 accedentes
628 2635 746 2678 omnes
761 2614 865 2697 ipsius
882 2615 973 2680 Luce
985 2617 1253 2682 machinaciones

144 2719 398 2802 impediuerunt
445 2717 513 2784 Sed
535 2727 569 2782 et
589 2719 774 2782 vicecomes
791 2717 1007 2802 Cantebrigie
1027 2741 1086 2802 per
1107 2720 1252 2784 litteram

144 2823 364 2906 proteccionis
380 2843 482 2906 quam
499 2833 668 2907 receperat
683 2844 704 2886 a
718 2823 857 2888 domino
875 2824 968 2907 Rege
984 2844 1101 2888 omnes
1117 2825 1253 2889 iuuenes

144 2949 229 3011 quos
251 2929 392 2993 vicarius
415 2929 625 2992 conduxerat
648 2928 716 2992 cito
738 2927 874 3012 fugauit.
932 2927 1032 3012 Quod
1058 2929 1175 2992 uidens
1199 2929 1253 2993 ille

145 3033 254 3098 Lucas
277 3034 417 3098 vicarius
440 3054 499 3117 per
521 3035 647 3097 amicos
669 3054 746 3097 suos
770 3033 962 3116 impetrauit
985 3033 1018 3096 in
1039 3035 1130 3097 curia
1150 3035 1254 3117 Regis

143 3137 234 3202 aliud
257 3137 358 3202 breue
378 3138 421 3201 de
441 3138 656 3222 protectione,
672 3147 706 3202 et
722 3159 780 3222 per
795 3136 876 3202 illud
892 3137 1081 3202 exinaniuit
1096 3138 1252 3221 protecti-

143 3263 243 3307 onem
260 3241 388 3306 Prioris.
434 3240 648 3325 Quapropter
663 3242 848 3306 vicecomes
870 3241 1084 3324 Cantebrigie
1104 3241 1252 3307 decimas

144 3347 234 3430 ipsas
260 3347 403 3430 collegit,
425 3356 460 3411 et
483 3347 598 3430 reponi
622 3346 700 3412 lecit
725 3349 820 3430 quasi
852 3347 885 3410 in
915 3346 1026 3431 equali
1058 3367 1159 3411 manu
1189 3358 1251 3413 etc.

145 3453 212 3518 Sed
245 3452 337 3516 Prior
367 3451 484 3516 dolens
514 3451 605 3535 quod
637 3452 703 3515 iam
740 3451 873 3517 sublata
909 3462 981 3516 erat
1018 3452 1048 3514 ei
1086 3453 1252 3534 possessio

144 3555 359 3630 decimarum,
382 3555 472 3619 misit
495 3555 692 3618 canonicum
715 3574 812 3617 suum
836 3553 879 3617 ad
906 3553 1031 3618 curiam
1060 3555 1171 3637 Regis,
1194 3556 1251 3638 qui

144 3668 337 3752 impetrauit
366 3677 483 3731 contra
514 3666 622 3748 ipsum
659 3665 786 3730 Lucam
813 3666 913 3729 breue
942 3666 1044 3749 Regis
1067 3677 1101 3730 et
1126 3666 1252 3731 litteras

145 3773 284 3855 Regius,
306 3781 340 3836 et
362 3771 462 3836 datus
485 3781 537 3835 est
558 3771 630 3836 dies
652 3790 764 3834 coram
790 3769 975 3835 Batonibus
998 3771 1041 3835 de
1069 3770 1251 3836 Scaccario.

145 3875 235 3960 Quid
263 3875 384 3960 plura?
426 3875 548 3940 Coram
581 3875 692 3940 Priore
716 3875 758 3939 de
784 3875 946 3958 Gipwyco
970 3877 1090 3941 iterum
1114 3887 1252 3940 uocatus

146 3981 256 4046 Lucas
270 3990 305 4046 et
320 3980 364 4045 ab
380 4001 420 4044 eo
435 3980 756 4044 excommunicatus.
803 3982 865 4044 Per
878 3980 1085 4045 multosdies
1100 4001 1252 4064 compar·

145 4095 264 4150 uerunt
287 4095 398 4169 partes
421 4104 533 4148 coram
559 4084 671 4148 Priore
690 4083 733 4148 de
756 4094 873 4149 sancto
896 4083 1032 4149 Albano
1055 4085 1252 4148 auctoritate

144 4188 338 4272 apostolica,
352 4197 387 4252 et
408 4197 485 4272 post
506 4188 629 4252 multas
650 4187 899 4271 disputaciones
919 4188 1124 4272 appellatum
1142 4197 1193 4251 est
1208 4188 1251 4253 ad

145 4293 280 4359 Curiam
298 4293 499 4368 Romanam,
514 4303 548 4357 et
569 4291 641 4356 dies
663 4292 814 4376 partibus
835 4292 992 4377 prelixus.
1039 4293 1131 4357 Prior
1151 4293 1253 4375 igitur

145 4397 235 4464 misit
255 4417 356 4462 vnum
380 4397 578 4462 canonicum
602 4397 644 4462 ad
668 4397 794 4462 curiam
816 4407 933 4462 contra
955 4395 1099 4461 eundem
1124 4397 1251 4462 Lucam
