3212 5064
325 394 376 463 90
427 371 660 470 Agreement
676 369 768 443 with
785 371 847 444 the
871 369 909 443 T
903 395 984 445 own
1001 371 1050 468 os
1063 370 1282 468 Cambridge
1313 367 1433 472 [Boon

160 568 277 664 boppo(
324 555 427 641 ipsius
448 558 579 642 fugitiui
600 557 662 622 sibi
684 555 823 634 liberari,
840 555 954 621 dicens
975 556 1066 640 quod
1088 556 1210 620 catalla
1229 556 1375 622 selonum
1397 566 1432 623 et

160 669 307 764 fgpme
324 661 540 745 fugitiuorum
562 662 605 726 ad
629 660 777 725 Balliuos
798 660 960 725 libertatis
984 660 1198 742 Cantebrigie
1221 661 1433 744 pertinerent,

160 771 245 864 {3¹3}
324 787 392 832 non
416 767 459 831 ad
487 767 597 849 ipsum
625 766 779 830 Priorem.
826 765 974 830 Econtra
998 767 1053 830 ille
1076 766 1219 843 dicebat,
1241 766 1331 849 quod
1355 767 1433 830 hac-

322 881 421 937 tenus
435 893 475 936 ea
491 870 615 936 catalla
629 870 753 935 habere
768 871 950 947 consueuit,
961 880 996 934 et
1007 871 1070 934 hoc
1083 891 1142 954 per
1157 870 1432 935 inrotulacionem

322 995 388 1058 que
414 976 564 1059 superius
588 975 750 1052 scribitur,
772 985 807 1040 et
834 974 1068 1040 nichilominus
1094 995 1153 1058 per
1175 974 1365 1059 Johannem
1390 976 1433 1040 de

325 1079 554 1157 Mendesham,
570 1079 626 1162 qui
650 1079 816 1143 abiurauit
838 1089 970 1155 terram,
985 1091 1020 1144 et
1040 1079 1193 1163 jumenta
1216 1081 1376 1144 remansit
1398 1081 1432 1144 in

323 1194 491 1268 potestate
524 1184 652 1261 Prioris,
679 1204 853 1267 quousque
882 1184 1019 1267 quidam
1050 1184 1194 1248 villanus
1224 1185 1351 1249 domini
1382 1185 1433 1249 sui

323 1309 399 1352 cum
428 1288 490 1371 .vij.
518 1287 681 1372 legalibus
707 1287 899 1352 hominibus
922 1288 1078 1371 probauit
1103 1309 1178 1352 eam
1206 1310 1279 1353 esse
1305 1289 1433 1352 domini

232 1446 234 1457 .
323 1395 382 1469 sui,
398 1404 458 1458 etc.
505 1393 719 1477 Quapropter
742 1393 909 1457 Robertus
930 1393 1056 1477 Tuylet
1077 1393 1154 1458 secit
1176 1394 1320 1458 Priorem
1343 1413 1432 1457 sum·

324 1499 450 1562 moneri
477 1519 589 1562 coram
619 1497 804 1563 Batonibus
834 1497 876 1560 de
908 1498 1082 1564 Scaccario
1112 1499 1155 1562 ad
1186 1498 1432 1562 ostendendum

323 1623 391 1686 quo
403 1601 477 1685 jure
493 1603 629 1667 retinuit
645 1603 767 1666 catalla
784 1602 931 1667 selonum
945 1603 978 1666 in
994 1602 1075 1667 feria
1087 1624 1147 1668 sua
1162 1603 1205 1668 de
1222 1602 1434 1668 Bernewelle.

324 1705 477 1770 Tandem
502 1705 564 1770 suit
589 1707 681 1770 Prior
703 1727 763 1789 per
785 1708 911 1770 amicos
934 1708 1142 1790 premunitus
1165 1707 1256 1791 quod
1280 1708 1323 1771 de
1344 1706 1432 1772 sacili

324 1819 436 1894 posset
453 1810 589 1891 perdere
606 1810 722 1874 feriam
738 1831 843 1886 suam,
859 1811 885 1874 si
903 1812 994 1875 dicta
1008 1811 1145 1895 querela
1160 1831 1273 1875 coram
1295 1811 1432 1875 Baroni-

324 1915 385 1980 bus
401 1915 646 1995 terminaretur;
661 1925 696 1978 et
712 1916 795 1992 ideo,
809 1915 1034 1980 mediantibus
1051 1916 1175 1993 amicis,
1191 1934 1261 1999 pax
1277 1913 1432 1980 ordinata

323 2031 375 2084 est
390 2020 477 2084 inter
491 2030 603 2102 partes
618 2021 680 2084 sub
695 2021 758 2084 hac
774 2021 901 2085 forma:

159 2171 298 2214 rheteum
376 2159 461 2212 Anno
479 2157 558 2227 regni
575 2157 649 2227 regis
667 2157 816 2213 Eadwardi
835 2157 884 2212 filii
905 2157 990 2227 Regis
1012 2157 1129 2213 Henrici
1146 2155 1281 2213 vicesimo
1298 2157 1432 2225 secundo,

159 2221 269 2324 222⁸&
323 2245 456 2301 conuenit
475 2245 548 2299 inter
565 2244 691 2300 Priorem
709 2244 746 2300 de
763 2245 935 2301 Bemewelle
952 2255 979 2300 et
996 2255 1168 2301 conuentum
1185 2245 1311 2300 eiusdem
1325 2244 1380 2300 loci
1396 2261 1432 2301 ex

159 2334 273 2416 {gam
323 2350 378 2388 vna
388 2343 476 2402 parte,
485 2343 514 2388 et
526 2334 683 2402 Burgenses
694 2332 874 2402 Cantebrigie
884 2350 918 2388 ex
927 2333 1015 2387 altera
1028 2349 1111 2402 super
1123 2331 1295 2402 quibusdam
1307 2333 1432 2390 articulis

160 2423 308 2476 mevania,
323 2420 423 2475 leriam
442 2420 560 2490 predicti
580 2419 683 2475 Prioris
702 2419 948 2490 contingentibus:
968 2419 1107 2484 videlicet,
1121 2420 1197 2491 quod
1215 2421 1333 2490 predicti
1353 2421 1433 2477 Prior

162 2483 294 2527 ”mm
323 2521 352 2564 et
370 2521 526 2564 conuentus
545 2521 752 2578 concesserunt,
766 2526 817 2580 pro
836 2527 866 2564 se
885 2519 912 2564 et
931 2507 1141 2563 successoribus
1158 2507 1225 2574 suis,
1239 2508 1316 2578 quod
1333 2525 1431 2562 omnes

324 2596 516 2651 inhabitantes
533 2596 629 2650 villam
647 2597 682 2652 de
700 2597 883 2667 Cantebrigia
899 2606 927 2652 et
945 2597 1048 2650 limites
1064 2596 1201 2650 libertatis
1218 2597 1345 2652 eiusdem
1358 2596 1431 2664 ville,

242 2695 257 2746 fi
279 2712 309 2760 32
323 2694 352 2740 et
370 2685 417 2756 qui
437 2684 593 2739 seeundum
612 2683 845 2738 consuetudinem
862 2683 928 2738 ville
946 2683 1071 2738 eiusdem
1091 2698 1177 2738 onera
1196 2683 1225 2736 in
1244 2683 1344 2738 eadem
1365 2683 1432 2737 villa

323 2770 500 2841 emergencia
520 2771 666 2840 sustinent,
689 2783 718 2826 et
739 2773 878 2827 sustinere
899 2781 1037 2838 tenentur,
1054 2781 1084 2826 vt
1103 2769 1134 2825 in
1149 2770 1271 2842 vigilliis,
1289 2769 1430 2842 talliagiis‚

323 2860 477 2930 scottagiis,
491 2859 575 2915 sectis
592 2870 621 2915 et
640 2860 703 2930 alijs
722 2859 982 2916 contributionibus
1001 2861 1156 2915 secundum
1175 2861 1252 2931 quod
1272 2861 1431 2930 Burgenses

323 2949 449 3004 eiusdem
462 2948 528 3003 ville
540 2947 657 3018 iaciunt,
669 2947 755 3021 quieti
769 2949 826 3004 sint
838 2950 969 3004 decetero
987 2950 1015 3004 in
1033 2948 1102 3004 seria
1119 2948 1308 3020 predictorum
1326 2945 1430 3002 Prioris

323 3047 351 3091 et
374 3046 530 3092 conuentus
549 3036 578 3090 in
598 3037 776 3104 Bernewelle,
796 3036 832 3092 de
854 3035 994 3106 stallagio,
1015 3035 1158 3105 bothagio‚
1177 3045 1205 3090 et
1224 3035 1383 3104 theoloneo,
1403 3045 1432 3091 et

323 3125 399 3195 quod
412 3123 515 3179 catalla
526 3124 667 3178 latronum
681 3123 862 3193 fugitiuorum
876 3132 904 3177 et
917 3123 1102 3178 scinctorum¹
1113 3123 1261 3178 bursarum
1274 3124 1298 3178 si
1311 3140 1366 3194 que
1379 3140 1430 3196 per

323 3212 417 3284 ipsum
440 3213 566 3267 Priorem
588 3223 636 3268 aut
659 3213 784 3268 Balliuos
810 3229 875 3268 suos
898 3211 1017 3267 inferia
1040 3211 1166 3282 predicta
1190 3212 1321 3267 decetero
1346 3221 1431 3284 capta

323 3299 424 3356 inerint
441 3312 490 3357 aut
506 3301 630 3372 inuenta,
645 3301 761 3357 Balliuis
778 3303 842 3357 ville
859 3302 895 3357 de
913 3301 1096 3370 Cantebrigia
1112 3301 1264 3374 pervisum
1278 3301 1429 3374 proborum
1519 3339 1520 3342 =

322 3389 470 3446 hominum
487 3391 614 3446 eiusdem
630 3391 695 3446 ville
714 3392 774 3446 sine
792 3392 847 3446 vllo
864 3401 1056 3446 retenemento
1073 3390 1169 3447 statim
1188 3391 1346 3446 liberentur.
1386 3393 1430 3446 lta

322 3490 417 3535 tamen
435 3481 512 3552 quod
530 3481 648 3550 predicti
667 3481 826 3550 Burgenses
843 3481 985 3551 predictos
1005 3481 1130 3536 Priorem
1149 3491 1177 3535 et
1196 3482 1376 3537 Conuentum
1393 3482 1430 3537 de

324 3568 494 3623 Bernewelle
511 3585 610 3624 uersus
631 3586 824 3640 quoscumque
845 3567 912 3624 inde
933 3568 1094 3640 acquietare
1114 3579 1269 3624 teneantur.
1307 3570 1429 3624 Conces-

323 3666 418 3710 serunt
437 3655 527 3711 eciam
546 3657 664 3727 predicti
685 3658 843 3726 liurgenses
862 3656 970 3712 eisdem
989 3655 1076 3711 Priori
1095 3667 1124 3712 et
1142 3656 1301 3712 Conuentui
1321 3668 1349 3713 et
1367 3674 1429 3713 suc·

323 3743 481 3799 cessoribus
500 3743 567 3810 suis,
585 3745 662 3816 quod
683 3745 719 3800 de
738 3745 870 3800 omnibus
889 3743 944 3814 hijs
962 3745 1010 3816 qui
1029 3760 1115 3799 onera
1134 3745 1295 3816 supradicta
1313 3744 1343 3800 in
1361 3743 1429 3800 villa

324 3828 513 3900 Cantebrigie,
531 3840 562 3885 vt
580 3830 772 3901 supradictum
791 3840 842 3899 est,
861 3829 1040 3898 emergencia
1058 3846 1114 3884 non
1137 3829 1275 3886 sustinent
1295 3847 1348 3886 nec
1367 3847 1428 3885 sus·

323 3919 412 3974 tinere
424 3928 555 3974 tenentur
566 3919 680 3989 capiant
693 3929 837 3974 custumas
848 3919 1003 3973 secundum
1014 3919 1089 3990 quod
1102 3917 1138 3973 de
1151 3918 1214 3972 aliis
1226 3919 1428 3974 mercatoribus

323 4008 361 4064 ad
372 4006 472 4064 seriam
485 4009 642 4078 predictam
655 4007 832 4061 venientibus
844 4005 1018 4077 temporibus
1030 4006 1178 4062 retroactis
1190 4017 1332 4077 ceperunt.

378 4098 411 4151 In
433 4097 513 4152 cuius
533 4095 573 4151 rei
595 4095 787 4150 testimonium
809 4094 874 4149 huic
897 4095 1001 4166 scripto
1022 4094 1168 4150 indentato
1189 4112 1277 4165 penes
1303 4094 1429 4151 Priorem

323 4195 351 4240 et
372 4185 552 4240 conuentum
571 4183 607 4238 de
630 4182 802 4238 liernewelle
821 4182 978 4238 remanenti
999 4181 1092 4251 sigilla
1114 4182 1300 4251 Burgensium
1325 4183 1429 4238 Cante-

323 4269 411 4341 brigie
433 4270 562 4326 videlicet
583 4269 701 4325 Roberti
723 4270 825 4340 Tuylet
844 4280 911 4324 tunc
932 4269 1058 4340 Maioris,
1082 4269 1272 4325 Bartholomei
1295 4269 1428 4342 Gogging

323 4369 376 4417 etc.
394 4368 460 4414 sunt
478 4375 613 4430 appensa
745 4425 918 4486 lcimomm'
932 4427 981 4481 MS
