3192 5102
163 387 219 488 vt]
445 388 642 464 Hundred
662 390 711 486 of
727 389 839 487 Long
863 389 964 463 Stow
1197 405 1266 480 245

227 571 359 636 Hattele
382 571 528 658 [Hatley
552 573 592 639 St
615 571 770 657 George}
818 573 984 637 Robertus
1011 571 1053 634 de
1078 571 1151 654 Sap
1177 579 1269 635 tenet

160 675 297 740 terciam
319 686 448 760 partem
473 676 561 740 feodi
585 675 614 759 .j.
636 675 751 740 militis
773 676 816 740 de
839 676 965 740 honore
989 675 1220 750 Richmondie‚
1234 683 1269 738 et

161 779 263 846 debet
288 781 317 864 .j.
340 790 477 858 sectam,
500 791 533 846 et
556 789 648 845 tenet
671 779 700 863 .j.
724 781 839 845 hidam
871 780 1080 863 geldabilem.
1139 779 1268 844 Ibidem

160 885 331 968 Johannes
351 888 394 952 de
414 895 532 952 saneto
553 885 701 968 Georgio
715 894 807 950 tenet
820 884 849 968 .j.
865 884 978 949 hidam
1002 883 1203 968 geldabilem
1226 883 1269 949 de

160 989 338 1056 heredibus
362 990 504 1056 Matilde
528 991 616 1055 Diue
639 992 681 1054 de
701 990 829 1054 honore
852 990 999 1054 Peuerel.
1045 989 1211 1055 Henricus
1226 988 1269 1054 de

161 1094 361 1178 Trumpiton
379 1095 488 1159 reddit
503 1095 692 1178 scutagium
708 1116 770 1179 pro
785 1116 835 1160 eo.

228 1198 351 1265 eaxan
374 1199 547 1284 [Caxton].
594 1199 817 1283 Baldewynus
841 1200 871 1264 le
894 1198 1037 1264 Freuille
1057 1208 1149 1264 tenet
1170 1198 1269 1264 seoda

160 1303 202 1386 .ij.
226 1304 369 1368 miiitum
392 1304 436 1368 de
458 1303 557 1370 feodo
580 1303 651 1388 [de]
675 1303 861 1388 Scalar[iis]
883 1305 926 1369 de
952 1303 1091 1368 domino
1115 1303 1209 1387 Rege
1234 1303 1267 1366 in

160 1408 279 1490 capite,
294 1417 328 1473 et
344 1408 494 1473 defendit
509 1429 545 1473 se
564 1429 625 1493 pro
641 1407 692 1491 ‚vj.
707 1407 807 1492 hydis
825 1407 1057 1491 geldabilibus‚
1073 1416 1107 1472 et
1122 1407 1223 1472 debet
1238 1408 1267 1490 .j.

160 1521 296 1590 sectam,
311 1522 344 1578 et
365 1513 409 1577 de
431 1513 558 1578 auxilio
574 1513 778 1578 vicecomitis
794 1511 868 1596 viij.
890 1511 1016 1577 solidos
1037 1513 1092 1577 .xi.
1113 1511 1267 1577 denarios

160 1626 195 1680 et
210 1615 239 1699 .j.
255 1617 484 1700 quadrantem.

225 1719 409 1785 Eueresdon
439 1719 650 1804 [Eversden].
711 1720 877 1786 Ricardus
910 1721 953 1785 de
983 1719 1143 1785 Audeuili
1175 1730 1267 1786 tenet

160 1823 294 1889 feodum
311 1824 340 1906 .j.
357 1823 472 1888 militis
494 1825 537 1888 de
559 1825 657 1889 ieodo
673 1824 838 1889 Wiscardi
862 1825 993 1908 Leydet
1013 1835 1048 1889 et
1064 1824 1216 1890 defendit
1230 1845 1266 1889 se

160 1949 220 2011 pro
236 1950 272 1992 .v.
288 1927 376 1992 hidis
391 1939 425 1994 et
440 1927 581 1993 dimidia
595 1928 826 2012 geldabilibus‚
842 1937 877 1994 et
897 1929 998 1994 debet
1013 1949 1114 1995 vnam
1131 1939 1266 2006 sectam,

158 2042 193 2097 et
237 2033 280 2096 de
321 2032 448 2096 auxilio
488 2033 695 2096 vicecomitis
732 2052 805 2108 .v.s.,
842 2042 876 2096 et
917 2033 1018 2098 debet
1059 2033 1266 2117 pontagium.

160 2134 328 2200 Robertus
357 2135 401 2200 de
431 2135 542 2200 Beehe
571 2146 666 2201 tenet
696 2135 872 2201 dimidiam
904 2136 1019 2203 hidam
1056 2136 1266 2219 geldabiiem.

162 2240 291 2305 Ibidem
315 2240 474 2305 Warinus
495 2240 725 2306 Torchenesse
750 2250 844 2306 tenet
866 2240 1041 2307 dimidiam
1060 2239 1174 2304 hidam
1199 2261 1265 2306 non

157 2345 360 2428 geldabilem
387 2347 429 2410 de
460 2346 587 2411 honore
619 2346 850 2424 Richmondie‚
877 2356 911 2410 et
941 2345 1043 2410 debet
1072 2345 1101 2409 .ἰ.
1131 2354 1266 2410 sectam.

159 2449 290 2515 Ibidem
317 2451 462 2533 Jacobus
488 2451 531 2514 de
559 2451 745 2516 Euerisden
773 2461 866 2516 tenet
889 2451 1062 2515 dimidiam
1086 2450 1199 2515 hidam
1223 2449 1266 2514 de

159 2553 259 2617 feodo
296 2554 443 2637 episcopi
483 2553 648 2637 Elyensis‚
680 2564 714 2619 et
751 2554 852 2620 debet
882 2555 911 2620 .ἰ.
942 2564 1077 2619 sectam.
1134 2554 1265 2619 Ibidem

160 2657 323 2721 Ricardus
355 2659 384 2721 le
413 2657 508 2722 Rous
534 2670 568 2723 et
597 2659 770 2744 Philippus
797 2670 913 2724 tenent
937 2658 965 2742 .j.
991 2660 1154 2742 virgatam
1178 2669 1265 2723 terre

157 2761 200 2826 de
238 2761 338 2826 feodo
373 2761 417 2826 de
455 2761 612 2827 Scalariis
649 2773 683 2827 et
721 2763 822 2828 debet
860 2764 887 2828 .ἰ.
923 2773 1060 2839 sectam,
1093 2774 1127 2826 et
1164 2761 1264 2826 debet

158 2868 363 2951 pontagium.

223 2973 386 3039 Caldecote
414 2972 633 3056 [Caldecote].
692 2971 863 3056 Johannes
899 2972 986 3037 filius
1018 2973 1141 3056 Rogeri
1171 2983 1263 3037 tenet

156 3078 331 3143 dimidiam
358 3077 473 3142 hidam
501 3087 586 3142 terre
611 3076 786 3160 geldabilis
813 3099 873 3162 pro
900 3079 975 3143 .xvi.
1003 3089 1097 3161 parte
1123 3077 1211 3143 ieodi
1235 3079 1263 3142 .ἰ.

157 3182 272 3246 militis
292 3184 336 3247 de
358 3183 484 3247 honore
509 3182 740 3258 Richmondie‚
762 3193 797 3247 et
823 3184 924 3247 debet
946 3184 974 3247 .ἰ.
998 3193 1134 3260 sectam,
1160 3193 1194 3247 et
1219 3184 1262 3248 de

156 3287 284 3350 auxilio
311 3287 516 3352 vicecomitis
539 3286 633 3369 ,vij.d.
681 3286 809 3351 Ibidem
833 3288 1004 3370 Johannes
1035 3288 1138 3353 Croxi
1170 3298 1262 3353 tenet

155 3392 182 3455 .ἰ.
199 3391 361 3474 virgatam
379 3401 464 3454 terre
486 3389 687 3472 geldabilem
712 3410 770 3472 per
791 3399 944 3472 quartam
968 3399 1097 3473 partem
1122 3389 1209 3454 feodi
1233 3390 1261 3454 .ἰ.

157 3496 270 3560 militis
286 3495 327 3560 de
344 3495 442 3559 feodo
459 3496 594 3559 Peuerei
611 3495 643 3559 in
661 3495 794 3571 Orweil,
810 3505 844 3560 et
859 3497 961 3561 debet
975 3497 1003 3561 .ἰ.
1019 3506 1154 3573 sectam,
1169 3506 1203 3560 et
1218 3497 1261 3561 de

156 3599 283 3664 auxilio
304 3599 510 3664 vicecomitis
525 3600 589 3682 .vij.
609 3601 774 3678 denarios
795 3609 829 3664 et
849 3600 892 3664 de
910 3600 1022 3665 warda
1045 3601 1153 3666 Castri
1177 3600 1261 3665 inira

155 3706 206 3768 .iii.
230 3725 336 3768 annos
356 3704 442 3769 .xid.
465 3705 508 3769 ad
532 3707 616 3770 duas
635 3707 731 3771 vices.
779 3704 910 3769 Ibidem
934 3704 1150 3771 Theobaldus
1174 3705 1259 3770 filius

157 3809 312 3874 Fuleonis
347 3818 439 3872 tenet
474 3808 648 3873 dimidiam
687 3808 800 3872 hidam
839 3818 925 3872 terre
962 3809 1163 3892 geldabiiem
1201 3831 1261 3894 per

155 3924 308 3979 octauam
337 3923 465 3998 partem
498 3914 586 3979 feodi
615 3914 643 3997 .j.
674 3914 788 3978 militis
818 3913 861 3978 de
892 3912 991 3978 ieodo
1020 3915 1063 3979 de
1094 3915 1349 3998 Scalariis,s.145

154 4028 189 4082 et
202 4017 303 4083 debet
319 4019 526 4102 pontagium.
573 4018 703 4083 ibidem
726 4017 898 4102 Johannes
918 4018 962 4082 de
983 4017 1145 4102 Elington
1166 4029 1259 4084 tenet

154 4121 326 4188 dimidiam
354 4123 468 4188 hidam
492 4123 693 4208 geldabilem
714 4125 758 4188 de
784 4123 910 4188 honore
938 4123 1200 4208 Rich[mondie],
1225 4133 1258 4189 et

153 4227 255 4293 debet
271 4229 477 4312 pontagium.

219 4331 399 4417 Kingeston
414 4330 624 4416 [Kingston].
671 4331 841 4398 Galsridus
856 4332 899 4397 de
916 4333 1037 4397 Bancis
1052 4342 1145 4399 tenet
1160 4332 1259 4398 seoda

154 4437 206 4503 iii.
231 4439 375 4501 militum
402 4437 445 4501 de
474 4435 632 4502 Hamone
655 4437 764 4502 Peche
790 4457 866 4502 curn
891 4447 978 4503 terra
1002 4435 1189 4502 Alexandri
1216 4439 1260 4504 de
