3222 5086
155 409 218 512 111]
302 411 422 487 Lnnd
442 415 483 488 in
509 411 643 487 Bourn
659 409 771 508 from
800 411 947 487 Gz‘lberl
972 411 1108 486 Pecche
1194 435 1260 507 133

154 621 235 664 uero
250 621 352 686 quam
369 601 447 665 lecit
462 602 558 665 nobis
574 601 730 665 dominus
747 599 944 686 G[ilbertus]
961 601 1088 665 Pecche
1109 601 1262 664 dedimus
1275 611 1392 704 gpirlgffie·

154 705 265 769 eidem
303 705 349 769 .C.
388 704 514 768 solidos
551 705 794 786 sterlingorum,
833 716 866 769 et
905 706 1091 768 remisimus
1128 705 1190 768 sibi
1227 715 1262 769 et
1275 712 1400 814 Qube

153 810 400 874 successoribus
421 810 488 874 suis
511 819 588 873 octo
612 808 736 872 solidos
759 810 861 873 annui
885 809 1033 873 redditus
1058 811 1101 874 de
1124 819 1262 872 numero
1275 813 1408 915 ffiffyign

154 913 269 979 .C.et
291 925 369 979 octo
390 914 573 977 solidorum
590 913 623 976 in
640 914 760 995 quibus
776 914 872 977 nobis
889 914 1065 977 tenebatur
1080 915 1262 988 annuatim,
1274 913 1379 1014 ξεξξξὲὴ

153 1029 188 1082 et
210 1019 275 1083 hoc
296 1040 356 1103 per
376 1019 507 1084 literam
526 1027 675 1082 nostram
695 1039 797 1101 quam
822 1018 900 1082 inde
922 1018 1024 1082 habet
1048 1016 1151 1081 talem
1171 1017 1261 1082 vide·
1276 1024 1334 1067 ¹²⁷⁵·

153 1122 232 1187 licet
244 1145 251 1185 :

209 1239 358 1296 Uniuersis
371 1241 477 1296 Christi
489 1241 619 1296 fidelibus
632 1251 683 1296 etc.
717 1243 744 1296 N
748 1241 863 1297 oueritis
875 1259 928 1296 nos
940 1243 1083 1296 remisisse
1096 1251 1123 1296 et
1136 1241 1262 1312 quietum

152 1329 293 1384 clamasse
305 1330 421 1384 domino
436 1329 564 1385 Gilberto
578 1329 670 1384 Peche
683 1339 710 1384 et
724 1330 782 1384 suis
796 1331 1005 1384 successoribus
1022 1341 1087 1385 octo
1103 1329 1210 1384 solidos
1227 1329 1263 1383 de

154 1427 367 1472 numero.0.et
388 1427 454 1472 octo
476 1418 631 1472 solidorum
656 1418 684 1472 in
706 1418 809 1488 quibus
834 1418 917 1473 nobis
941 1420 1091 1475 tenebatur
1112 1435 1162 1488 per
1183 1434 1261 1486 cyro-

153 1501 292 1570 graphum
306 1501 333 1554 in
347 1502 424 1556 curia
438 1501 555 1556 Domini
570 1499 656 1570 Regis
668 1502 801 1570 leuatum,
814 1503 856 1556 ita
868 1503 945 1572 quod
962 1502 1037 1558 idern
1055 1501 1262 1571 cyrographum

152 1600 210 1654 quo
240 1585 450 1640 ad.c.s0lidos
479 1585 608 1640 residuos
637 1595 688 1640 etc.
715 1585 763 1656 qui
792 1585 821 1638 in
851 1602 885 1639 eo
916 1585 1096 1642 continentur
1121 1585 1262 1655 integrum

153 1681 319 1727 remaneant
336 1683 363 1727 et
381 1672 527 1727 illibatum.

221 1779 285 1842 Pro
301 1800 368 1861 qua
380 1779 574 1843 remissione
589 1789 623 1843 et
635 1789 769 1844 centum
787 1779 902 1842 solidis
915 1799 999 1862 quos
1016 1779 1045 1842 ei
1061 1778 1261 1842 donavimus

152 1880 248 1946 dedit
264 1882 360 1945 nobis
376 1882 561 1965 predictam
583 1883 756 1947 dimidiam
774 1884 939 1965 virgatam
960 1891 1046 1946 terre
1067 1883 1100 1946 in
1122 1882 1260 1945 liberam

152 2006 272 2069 puram
296 1997 330 2050 et
353 1996 549 2070 perpetuam
574 1987 792 2050 elemosinam
816 2008 876 2071 per
898 2008 993 2053 suam
1017 1998 1143 2050 cartam
1168 1987 1261 2050 cuius

152 2099 249 2154 tenor
271 2091 348 2154 talis
370 2103 441 2156 est:

209 2211 357 2266 Uniuersis
390 2212 495 2267 Christi
531 2211 661 2267 fidelibus
696 2211 840 2267 Gilbertus
879 2213 989 2266 Pecche
1025 2220 1076 2267 etc.
1116 2211 1260 2267 Noveritis

153 2315 201 2354 me
230 2299 344 2354 dedisse
372 2300 547 2356 concessisse
575 2310 603 2355 et
629 2301 752 2372 presenti
783 2311 861 2355 carta
889 2317 954 2354 mea
983 2300 1165 2355 confirmasse
1197 2301 1261 2354 Deo

152 2395 181 2440 et
211 2385 340 2441 Ecclesie
368 2386 460 2440 sancti
488 2385 583 2456 Egidij
610 2386 647 2440 de
674 2387 853 2454 Bernewelle‚
882 2397 910 2442 et
938 2387 1025 2441 Priori
1053 2397 1080 2442 et
1108 2386 1261 2442 Canonicis

152 2472 259 2528 ibidem
285 2475 349 2528 Deo
374 2473 572 2544 seruientibus,
595 2491 647 2545 pro
672 2475 762 2529 salute
786 2475 881 2529 anime
906 2492 968 2529 mee
992 2485 1020 2529 et
1050 2486 1261 2531 antecessorum

152 2567 180 2610 et
205 2574 401 2612 successorum
426 2574 562 2626 meorum,
587 2568 614 2613 et
638 2557 855 2628 pro.c.solidis
874 2559 1072 2628 sterlingorum
1098 2576 1169 2630 quos
1191 2559 1260 2612 mihi

152 2645 292 2700 dederunt
320 2656 349 2701 et
377 2663 428 2716 pro
453 2647 619 2701 remissione
643 2656 708 2701 octo
734 2646 887 2701 solidorum
913 2649 999 2701 annui
1024 2647 1150 2702 redditus
1175 2664 1261 2717 quarn

152 2734 239 2788 miehi
266 2734 392 2789 lecerunt
416 2742 445 2787 et
468 2734 540 2789 meis
565 2733 716 2789 heredibus
741 2751 826 2788 unam
853 2735 1000 2789 dimidiam
1025 2736 1164 2804 virgatam
1188 2746 1261 2790 terre

153 2841 218 2878 cum
236 2823 418 2894 pertinenciis
436 2823 465 2877 in
484 2823 551 2878 villa
572 2835 600 2879 et
619 2824 729 2894 campis
748 2824 783 2878 de
803 2825 918 2878 Brunne
936 2841 1021 2894 quarn
1044 2825 1081 2880 de
1103 2841 1149 2880 me
1171 2825 1260 2879 tenuit

151 2911 305 2982 aliquando
317 2911 450 2966 dominus
465 2911 593 2981 Rogerus
606 2921 758 2981 perpetuus
770 2910 892 2967 vicarius
905 2912 940 2966 de
957 2913 1057 2967 eadem
1073 2930 1124 2983 pro
1141 2912 1260 2966 seruicio

151 3009 217 3054 octo
228 2999 391 3054 solidorum
431 2999 603 3054 Habendam
617 3008 645 3053 et
662 3000 815 3054 tenendam
832 2999 938 3054 dictam
956 2999 1105 3054 dimidiam
1120 3000 1259 3069 virgatam

151 3097 223 3142 terre
236 3103 300 3141 cum
314 3087 371 3141 suis
383 3085 565 3158 pertinencijs
578 3088 607 3140 in
620 3086 738 3141 liberam
751 3104 851 3156 puram
862 3098 890 3142 et
900 3097 1065 3158 perpetuam
1075 3087 1259 3142 elemosinam

150 3174 235 3230 dictis
254 3175 341 3229 Priori
358 3185 386 3230 et
404 3175 557 3230 Canonicis
574 3185 714 3230 eteorum
732 3176 942 3230 successoribus
962 3176 991 3229 in
1010 3186 1185 3246 perpetuum.
1226 3177 1258 3230 ln

150 3263 231 3319 cuius
243 3262 283 3318 rei
295 3263 489 3318 testimonium
502 3273 555 3318 etc.
642 3289 646 3298 ·

185 3435 201 3503 5
207 3439 235 3502 3.
279 3421 331 3485 De
350 3423 547 3486 contencione
567 3422 688 3486 ckascie
710 3422 797 3486 inter
815 3422 999 3504 Burgenses
1023 3421 1227 3508 Cantebrzgie

462 3538 494 3591 et
513 3527 665 3592 Priorem
687 3526 726 3591 de
747 3526 946 3592 Bennwelle.

218 3653 364 3738 Quidam
381 3657 562 3739 burgenses
586 3656 800 3739 Cantebrigie
816 3655 1004 3722 inuidentes
1025 3661 1257 3726 commoditati
1273 3685 1390 3726 noune

150 3759 386 3822 canonicorum
410 3759 568 3823 dicebant
591 3760 681 3842 quod
708 3759 799 3822 Prior
821 3769 855 3824 et
881 3772 1065 3826 conuentus
1088 3763 1132 3827 ad
1159 3786 1257 3829 nocu·
1271 3735 1387 3827 irinlliu

1271 3835 1304 3876 wi
1343 3835 1385 3876 the

152 3873 303 3928 mentum
319 3863 426 3926 tocius
447 3863 525 3927 ville
545 3864 836 3947 obstuppauerunt
856 3885 1070 3930 communem
1091 3869 1257 3933 chasciam
1271 3886 1405 3978 3333„

150 3987 255 4030 suam.
302 3967 405 4030 Anno
420 3966 521 4048 igitur
537 3969 629 4051 regni
648 3969 751 4050 Regis
768 3969 944 4032 Eadwardi
962 3981 1081 4051 quarto
1098 3983 1258 4036 venerunt
1271 3985 1371 4077 me.

152 4071 293 4134 ministri
317 4072 403 4152 regis
426 4073 459 4134 in
484 4075 682 4136 comitatum
706 4073 920 4155 Cantebrigie
943 4075 985 4137 ad
1010 4076 1390 4188 inquirendum¹3333:y

1392 4165 1398 4186 .

201 4215 208 4249 ¹
227 4217 289 4267 Tlris
305 4217 380 4268 refers
395 4227 422 4267 to
439 4218 482 4268 the
496 4227 566 4284 great
581 4219 742 4270 commis->sion
757 4221 787 4270 ol
799 4221 899 4286 inquiry
914 4221 1045 4270 instituted
1060 4221 1094 4286 by
1110 4222 1219 4271 Edward
1236 4223 1258 4271 I.
1272 4187 1406 4304 lna—1:⁹¹⁶

150 4300 321 4365 immediately
336 4301 401 4350 alter
415 4301 455 4351 his
471 4302 561 4352 arrival
578 4304 604 4351 in
622 4303 739 4368 England
758 4305 782 4352 in
803 4317 873 4366 1274,
887 4305 930 4354 the
947 4304 1036 4354 results
1052 4304 1082 4354 oi
1095 4303 1178 4354 which
1194 4320 1259 4354 were

151 4385 329 4448 subsequently
348 4386 467 4435 recorded
489 4385 514 4435 in
534 4385 577 4436 the
598 4386 722 4438 Hundred
744 4387 823 4437 Rolls.
864 4389 913 4438 See
937 4387 1039 4446 Stubbs,
1064 4387 1262 4436 Constrlulional

151 4465 264 4529 History,
283 4465 322 4514 ed.
347 4466 417 4530 1875,
437 4467 493 4515 Vol.
515 4467 539 4515 ii.
560 4484 584 4532 p.
608 4483 661 4518 ιιο.
688 4513 693 4524 ,
