3212 5064
334 385 385 454 40
708 357 874 434 Charier
899 358 947 456 os
965 357 1081 456 Pycot
1324 354 1447 457 [nourr

168 567 187 617 r.
203 583 231 617 n
382 567 409 634 5.
456 551 558 620 Carta
580 551 695 634 Pycoti
715 551 907 616 vrbecomitrit
928 573 1027 636 quam
1041 551 1125 635 fecit
1144 553 1305 618 canorer'cis
1325 552 1404 616 surr.

172 693 306 785 {impos
392 690 506 744 Picotus
527 689 687 744 vicecomes
708 688 840 744 omnibus
861 687 1103 744 hominibus'snis
1125 699 1153 744 et
1173 687 1272 744 amicis
1294 687 1398 744 francis
1420 697 1448 742 et

172 793 294 844 donuae,
338 779 429 848 anglis
448 789 507 833 tam
526 778 703 848 presentibus
722 795 809 850 quam
827 779 928 832 tuturis
947 779 1076 832 salutem.

173 842 312 935 {pigitum
392 867 496 922 Sciatis
520 881 566 919 me
590 864 709 920 consilio
733 865 842 919 domini
873 864 997 934 Remigij
1027 863 1233 919 Lincolniensis
1259 863 1395 935 Episcopi
1419 873 1449 919 et

173 943 297 1045 ffiflf⁸⁸
338 956 469 1026 precibus
491 952 637 1023 Hugoline
655 952 748 1006 vxoris
765 969 829 1007 mee
845 953 1026 1008 constituisse
1043 953 1197 1008 canonicos
1214 954 1356 1022 regulares
1372 952 1449 1023 apud

340 1042 553 1112 Cantebrigiam
570 1041 608 1095 ad
623 1041 782 1096 Ecclesiam
798 1040 897 1095 Sancti
911 1039 1006 1110 Egidij
1020 1041 1217 1110 inperpetuum
1230 1041 1285 1095 deo
1297 1039 1450 1094 seruiturus

338 1143 485 1187 eteorum
509 1131 627 1186 consilio
652 1130 767 1186 dedisse
788 1129 896 1184 eisdem
920 1129 1065 1184 canonicis
1086 1138 1115 1182 et
1139 1129 1315 1183 concessisse
1339 1141 1367 1182 et
1395 1127 1449 1181 hac

339 1236 404 1274 mea
432 1229 511 1274 carta
537 1219 722 1274 confirmasse
746 1234 798 1288 pro
826 1233 923 1272 amore
952 1215 997 1272 dei
1023 1226 1051 1272 et
1075 1233 1127 1287 pro
1152 1215 1243 1272 salute
1267 1215 1363 1271 anime
1387 1232 1451 1270 mee

340 1307 501 1362 Ecclesiam
523 1305 614 1361 sancti
635 1305 728 1375 Egidij
751 1306 789 1360 de
812 1304 1002 1374 cantebrigia,
1020 1303 1068 1359 ubi
1090 1305 1192 1360 domus
1213 1321 1311 1360 eorum
1333 1305 1453 1358 lundata

340 1405 390 1462 est,
408 1395 569 1450 Ecclesiam
585 1394 622 1448 de
641 1395 782 1448 Mordone
798 1409 863 1448 cum
882 1393 1000 1463 Capella
1016 1393 1052 1447 de
1069 1393 1221 1462 Redderia,
1239 1393 1398 1448 Ecclesiam
1415 1391 1452 1447 de

339 1483 511 1550 Thadelaus,
526 1481 686 1538 Ecclesiam
703 1482 739 1536 de
754 1483 848 1536 Brune
860 1498 925 1536 cum
943 1481 1061 1552 Capella
1078 1481 1194 1536 Castelli
1212 1491 1240 1537 et
1257 1498 1322 1536 cum
1336 1481 1454 1551 Capella

340 1571 376 1624 de
396 1571 555 1638 caldecote,
574 1570 734 1626 Ecclesiam
753 1571 790 1625 de
808 1571 1008 1638 Cumbertone,
1027 1570 1186 1627 Ecclesiam
1205 1571 1241 1626 de
1260 1570 1453 1639 Maddingele,

342 1659 501 1714 Ecclesiam
519 1659 556 1714 de
579 1660 748 1730 Ramptone,
769 1659 914 1715 Ecclesias
931 1659 969 1715 de
991 1661 1162 1714 Harlestone
1184 1669 1211 1714 et
1233 1659 1269 1714 de
1293 1659 1453 1724 Henxtone,

341 1747 488 1802 habendas
507 1758 535 1802 et
552 1748 691 1802 tenendas
710 1747 805 1816 libere,
823 1745 926 1818 quiete,
943 1747 1107 1816 honorifice,
1125 1748 1241 1816 integre,
1260 1748 1289 1801 in
1309 1747 1406 1819 pratis,
1424 1745 1453 1801 in

341 1834 430 1902 terris,
449 1844 477 1889 et
498 1835 629 1906 pasturis,
651 1844 679 1888 et
701 1850 766 1889 cum
789 1833 908 1889 decimis
932 1835 1160 1890 molendinorum
1183 1847 1211 1890 et
1233 1851 1298 1890 curn
1322 1833 1454 1889 omnibus

342 1923 405 1994 alijs
429 1921 611 1993 pertinencijs
636 1920 665 1976 in
690 1921 765 1977 uillis
789 1931 819 1977 et
843 1932 923 1978 extra
946 1923 1029 1978 uillas
1054 1923 1083 1977 in
1108 1923 1227 1979 liberam
1249 1931 1277 1977 et
1301 1938 1402 1993 puram
1425 1929 1454 1975 et

342 2020 506 2082 perpetuam
525 2009 718 2065 elemosinam.

179 2099 329 2144 omnemne
397 2098 532 2154 Concessi
552 2099 681 2154 similiter
702 2100 759 2154 iam
781 2099 864 2154 dictis
887 2100 1033 2156 canonicis
1051 2101 1170 2156 consilio
1188 2099 1308 2173 predicti
1331 2097 1453 2167 Remigij

209 2151 320 2243 {mm
345 2188 550 2242 Lincolniensis
570 2187 704 2260 Episcopi
723 2189 795 2244 duas
813 2200 909 2260 partes
926 2190 1101 2245 decimarum
1117 2191 1153 2244 de
1170 2189 1302 2244 omnibus
1320 2186 1454 2243 dominiis

180 2253 289 2295 cmm·
343 2276 470 2331 omnium
491 2275 613 2330 militum
634 2293 762 2330 meorum
782 2275 810 2330 in
834 2277 1082 2347 Cantebrigesira3
1104 2279 1210 2334 scilicet
1232 2277 1268 2332 de
1290 2277 1398 2346 Queya,
1418 2276 1454 2329 de

345 2365 446 2430 Stowe,
464 2364 500 2419 de
516 2363 714 2432 Waterbeche,
728 2365 764 2420 de
784 2365 969 2434 Middeltone,
987 2366 1023 2422 de
1044 2367 1199 2437 lmpetone,
1217 2366 1253 2420 de
1274 2365 1404 2430 Histone,
1418 2362 1454 2417 de

346 2453 491 2521 Grettone,
504 2452 539 2507 de
554 2452 708 2520 Hokitone,
721 2455 757 2508 de
771 2456 922 2524 Ramtone,
935 2455 972 2510 de
990 2456 1133 2524 Cottham,
1146 2456 1183 2510 de
1197 2452 1405 2519 Lollesworthe,
1418 2451 1455 2506 de

345 2542 539 2612 Trumpitone,
552 2541 588 2597 de
604 2543 808 2612 Haselingleld
822 2543 858 2598 de
877 2545 1043 2612 Harletone,
1055 2545 1092 2599 de
1106 2543 1296 2608 Eucresdone,
1309 2541 1345 2596 de
1361 2539 1455 2605 Tolte,

345 2628 549 2697 deCaldecote,
557 2629 594 2684 de
601 2629 783 2699 Kingestone,
790 2630 1041 2702 deWynepola,de
1050 2629 1286 2698 Crawedene¹,de
1296 2629 1454 2697 Halteleya,

346 2716 382 2772 de
396 2717 631 2786 Pampesworthe,
645 2719 681 2773 de
698 2717 880 2789 Aldewincle,
893 2719 1041 2774 habendas
1057 2730 1086 2776 et
1101 2719 1240 2774 tenendas
1257 2719 1344 2774 libere
1361 2717 1455 2789 quiete

346 2815 374 2858 et
392 2804 500 2873 integre
518 2804 547 2858 in
566 2814 732 2874 perpetuam
745 2814 773 2859 et
792 2822 891 2874 puram
907 2806 1101 2876 elemosinam,
1115 2807 1152 2860 ad
1169 2808 1271 2861 domus
1288 2821 1338 2861 sue
1355 2817 1382 2859 et
1400 2802 1455 2858 illic

346 2891 400 2946 deo
413 2891 601 2946 seruiencium
617 2901 783 2961 perpetuam
800 2892 1047 2948 sustentacionem.
1086 2893 1136 2963 Hij
1150 2904 1215 2948 sunt
1231 2902 1326 2949 testes.
1365 2893 1455 2946 llum·

347 2979 435 3035 fridus
450 2980 628 3052 Capellanus,
641 2991 694 3036 etc.

585 3132 615 3196 6.
661 3131 714 3194 De
733 3141 835 3196 morte
856 3132 973 3214 Pycotr'
991 3141 1025 3197 et
1043 3132 1217 3216 Hugolr'nr.

183 3273 335 3366 ffl’g‘g}
414 3267 542 3333 Uerum
573 3277 652 3332 ante
682 3289 783 3352 quam
815 3269 871 3334 illa
901 3272 1026 3354 exigua
1062 3273 1282 3355 congregacio
1317 3270 1455 3334 alicuius

183 3373 335 3475 {muge
348 3373 555 3437 certitudinis
570 3383 696 3439 statum
709 3375 982 3458 apprehenderet,
999 3376 1051 3440 uel
1068 3378 1173 3440 eciam
1189 3377 1456 3441 semiconuentu·

184 3473 335 3576 {2⁰22}ss
348 3477 409 3540 alis
436 3475 538 3555 fieret,
564 3488 641 3561 post
669 3499 794 3562 paucos
820 3501 926 3544 annos
957 3481 1058 3545 ambo
1088 3481 1199 3545 felices
1231 3481 1457 3563 migrauerunt

185 3574 335 3668 ’ἔξξξᾷξξω
349 3581 392 3644 ad
422 3579 606 3660 dominum,
636 3582 827 3646 adiurantes
858 3583 962 3648 filium
992 3604 1090 3649 suum
1128 3585 1314 3649 Robertum
1348 3593 1385 3649 ut
1414 3584 1457 3647 de

349 3683 452 3748 domo
476 3684 533 3749 ilia
556 3688 697 3752 ditanda
722 3699 756 3752 et
782 3687 976 3771 amplianda
1002 3688 1110 3752 honus
1138 3687 1262 3753 subiret
1285 3701 1319 3753 et
1343 3707 1456 3752 curam

350 3798 487 3872 gereret

646 3935 674 4002 7.
719 3922 771 3986 De
792 3921 930 3987 Roberto
943 3922 1020 4005 filio
1043 3923 1164 4006 Pycott'.

186 4059 314 4160 mim
419 4057 479 4123 Set
506 4057 562 4122 ille
593 4059 761 4124 Robertus
786 4071 963 4145 parentum
991 4061 1108 4126 relicto
1136 4061 1279 4145 uestigio
1306 4061 1339 4124 in
1367 4060 1460 4124 breui

189 4159 288 4262 55:2¹⁸*
352 4172 526 4228 accusatus
564 4165 654 4246 quod
690 4167 724 4228 in
763 4167 848 4248 regis
882 4186 998 4231 necem
1034 4176 1067 4232 et
1103 4167 1195 4250 regni
1232 4165 1458 4249 prodicionem

190 4261 278 4313 ΗΜ
288 4261 309 4303 ¹·
352 4269 594 4352 conspirasset;
618 4279 652 4334 et
672 4291 772 4353 super
791 4271 854 4334 hoc
876 4291 895 4336 a
915 4272 1062 4354 glorioso
1082 4291 1160 4354 rege
1185 4272 1334 4336 Henrico
1352 4273 1461 4354 primo

603 4398 611 4431 ¹
629 4400 774 4463 Grandena,
788 4403 859 4465 MS.,
872 4403 917 4454 but
928 4419 970 4454 see
981 4403 1064 4469 Chep.
1080 4419 1117 4462 rr,
1130 4419 1156 4469 p.
1169 4419 1209 4469 43.
