3222 5086
342 387 410 475 148
504 380 643 457 Action
670 382 710 455 in
737 391 871 479 respect
896 383 944 480 of
959 383 1119 482 ez'glzteen
1145 379 1273 455 ntorks
1324 376 1441 477 [Boott

173 583 294 626 rueuest
404 567 450 631 Et
479 567 650 630 sciendum
680 567 770 650 quod
802 568 951 650 predicte
980 567 1202 652 quadraginta
1231 575 1265 630 et
1300 574 1444 649 quatuor

173 633 288 736 οἶῗτὲἐῗ
338 693 448 737 marce
478 671 585 736 solute
615 670 748 736 fuerunt
778 680 929 756 tempore
959 673 1086 737 domini
1118 672 1239 736 Prioris
1276 671 1445 754 Symonis,

174 746 232 789 Μ’
338 797 427 840 anno
457 777 649 859 supradicto
678 787 713 841 et
742 777 826 856 loco,
855 779 980 843 scilieet
1010 799 1099 842 anno
1129 777 1256 842 domini
1287 781 1445 840 .m⁰.cc⁰.

338 881 585 966 septuagesimo
607 881 718 945 terci0.

174 988 297 1082 {2522
403 987 449 1049 Et
478 995 613 1050 centum
646 1006 756 1050 marce
782 995 877 1051 erant
903 995 1021 1050 mutuo
1051 995 1184 1068 recepte
1214 985 1257 1048 ab
1287 983 1445 1066 episcopo

174 1089 278 1192 {3325}
339 1089 573 1174 prenominato
596 1090 628 1152 in
652 1088 738 1153 festo
761 1088 929 1154 Cathedre
952 1091 1058 1153 sancti
1083 1089 1182 1164 Petri,
1205 1107 1294 1150 anno
1317 1085 1446 1151 domini

176 1201 233 1242 ¹²⁵⁰·
340 1199 497 1259 .m⁰.cc⁰.
521 1195 807 1277 quinquagesimo,
833 1205 984 1278 tempore
1010 1194 1128 1258 Prioris
1152 1191 1337 1273 Laurencij.

413 1414 464 1476 68.
510 1411 648 1476 Domini
673 1411 825 1495 Galsn'di
845 1411 885 1475 de
905 1411 1026 1476 Bann's
1050 1411 1152 1478 Carta
1174 1411 1214 1475 dc
1234 1409 1377 1493 deposito.

179 1581 236 1622 ¹²⁵⁰·
397 1562 537 1618 Omnibus
560 1563 665 1617 Christi
687 1561 816 1617 fidelibus
837 1563 876 1616 ad
896 1579 968 1632 quos
987 1580 1104 1634 presens
1125 1563 1259 1632 scriptum
1281 1558 1448 1631 peruenerit.

177 1621 305 1713 ffssf‘em
345 1649 515 1705 Laurencius
543 1651 621 1704 Prior
639 1661 667 1704 et
690 1652 854 1705 Conuentus
872 1650 907 1703 de
931 1651 1100 1704 Bernewelle
1121 1649 1240 1704 salutem
1262 1649 1291 1702 in
1314 1647 1449 1701 Domino.

179 1720 329 1814 ffiffffim'
346 1739 464 1792 Nouerit
481 1737 649 1793 uniuersitas
667 1748 762 1792 uestra
778 1755 830 1792 nos
848 1738 986 1810 recepisse
1003 1755 1053 1806 per
1070 1754 1171 1792 manus
1188 1735 1295 1792 domini
1313 1734 1395 1789 Alani
1413 1733 1450 1788 de

180 1822 294 1865 Μήπ-
345 1827 434 1894 Turri,
447 1835 475 1881 et
493 1826 610 1881 aliorum
628 1836 807 1881 executurum
824 1825 930 1881 domini
946 1825 1063 1881 Galsridi
1081 1827 1117 1880 de
1131 1826 1243 1892 Baucis,
1256 1825 1292 1879 de
1310 1838 1449 1877 consensu

180 1878 241 1915 vent
248 1877 275 1914 to

180 1923 275 1965 uotum
344 1924 371 1968 et
391 1931 508 1969 assensu
528 1913 621 1968 tranis
641 1912 758 1968 Gilberti
781 1914 816 1966 de
837 1913 1034 1982 Massingham
1053 1914 1088 1967 de
1107 1912 1205 1967 ordine
1222 1912 1339 1966 fratrum
1357 1909 1450 1981 predi·

180 1979 321 2076 ffi'tsssor
344 2012 479 2070 catorum,
501 2002 600 2057 decem
621 2011 649 2057 et
672 2011 735 2056 octo
757 2019 868 2056 marcas
890 2002 1006 2072 argenti,
1027 2002 1125 2072 viginti
1146 2012 1175 2057 et
1197 2001 1306 2057 duobus
1327 1999 1450 2054 denariis

181 2073 315 2167 ‹2⁸2³ssss-
345 2089 446 2156 minus,
454 2088 492 2143 ad
502 2088 633 2143 auxilium
647 2098 719 2143 terre
732 2086 854 2159 [sancte]
864 2088 1021 2155 deputatas,
1029 2105 1100 2160 quas
1110 2088 1243 2158 predictis
1255 2085 1451 2142 executoribus

181 2174 333 2276 ss‘tffigfy
346 2178 454 2232 soluere
466 2187 594 2232 tenemur
606 2177 650 2230 uel
663 2193 760 2230 eorum
776 2177 934 2247 assignatis,
948 2179 985 2231 ad
1001 2179 1123 2247 primum
1140 2178 1271 2246 generale
1287 2175 1451 2246 passagium

183 2276 263 2319 Lanu.
345 2281 443 2320 uersus
460 2273 564 2319 terram
582 2273 709 2319 sanctam
726 2265 787 2318 sine
802 2265 948 2332 dilacione,
962 2265 1153 2332 cauillacione,
1167 2281 1215 2318 seu
1228 2262 1451 2318 contradictione

346 2353 449 2424 aliqua,
457 2353 526 2407 dum
535 2363 630 2407 tamen
641 2369 724 2423 super
734 2354 877 2408 solucione
886 2353 1017 2409 iacienda
1026 2369 1170 2424 perunum
1181 2367 1308 2406 mensem
1317 2350 1452 2406 fuerimus

183 2447 200 2497 l.
214 2463 244 2512 55
346 2440 505 2512 premuniti.
545 2443 582 2497 Et
599 2441 752 2496 subicimus
769 2459 820 2496 nos
836 2441 1023 2510 jurisdictioni
1042 2441 1172 2510 Elyensis
1186 2440 1321 2510 Episcopi
1333 2439 1378 2494 vel
1390 2439 1452 2494 eius

346 2529 554 2598 Archidiaconi,
577 2539 606 2584 vt
631 2546 727 2584 eorum
750 2532 822 2586 alter
846 2547 898 2585 nos
923 2548 973 2601 per
998 2547 1145 2585 censuram
1171 2529 1393 2585 ecclesiasticam
1414 2528 1452 2582 ad

346 2618 518 2674 solucionem
533 2616 639 2686 prefate
652 2619 770 2688 pecunie
782 2619 820 2674 ad
832 2618 953 2688 primum
967 2619 1097 2686 generale
1110 2618 1273 2688 passagium
1283 2615 1452 2684 laciendum,

346 2707 444 2762 habita
457 2722 540 2776 super
549 2705 603 2758 hoc
616 2706 828 2775 premunicionc
840 2723 890 2775 per
902 2723 989 2759 vnum
1001 2722 1137 2772 mensem,
1148 2705 1218 2759 sicut
1232 2703 1387 2774 predictum
1401 2716 1453 2770 est,

347 2797 408 2852 sine
420 2796 497 2850 omni
511 2795 626 2865 strepitu
639 2795 764 2862 judiciali
778 2795 946 2864 compellere
958 2795 1056 2863 possit,
1072 2793 1269 2848 renunciantes
1286 2793 1380 2864 quoad
1398 2793 1454 2847 hoc

348 2885 425 2939 omni
441 2883 510 2953 juris
527 2883 652 2938 remedio
668 2893 727 2938 tam
745 2883 929 2938 ecclesiastici
946 2899 1033 2953 quam
1050 2883 1140 2937 ciuilis
1157 2893 1183 2936 et
1201 2883 1332 2936 omnibus
1349 2897 1403 2952 que
1417 2882 1455 2936 ad

347 2971 551 3041 subterfugium
572 2973 616 3027 uel
638 2972 806 3026 dilacionem
828 2973 910 3026 nobis
932 2983 1092 3042 competere
1111 2983 1228 3041 possent
1246 2972 1292 3027 uel
1310 2971 1454 3040 prodesse

349 3061 386 3114 Et
399 3060 428 3112 in
441 3059 523 3114 huius
536 3059 575 3114 rei
588 3059 779 3114 testimonium
792 3060 914 3129 presenti
928 3059 1032 3129 scripto
1046 3059 1168 3130 sigillum
1181 3070 1233 3115 etc.
1265 3061 1368 3114 Actum
1378 3059 1455 3130 apud

349 3148 519 3202 Bemewelle
533 3163 607 3202 anno
620 3147 726 3201 domini
741 3156 796 3201 m⁰.
806 3157 864 3202 cc0.
878 3148 1121 3220 quinquagesimo.

187 3318 256 3360 pp„
415 3281 551 3345 Mortuo
566 3283 704 3346 domino
723 3282 837 3346 Alano
857 3285 899 3347 de
915 3283 1011 3347 Turri
1032 3282 1188 3346 dominus
1204 3281 1393 3347 Willelmus
1413 3281 1456 3345 de

186 3370 300 3512 {gffie
350 3387 487 3470 Subyri1
513 3389 584 3450 cius
610 3398 780 3464 executor,
807 3399 842 3453 et
869 3389 1026 3472 magister
1053 3387 1223 3453 Galsridus
1250 3389 1292 3451 de
1320 3387 1456 3451 Mortuo

187 3519 316 3612 {pm}
351 3493 437 3556 Mari
460 3494 630 3574 pecierunt
650 3514 671 3556 a
691 3492 829 3557 domino
851 3493 1000 3578 Symone
1023 3494 1134 3556 Priore
1153 3493 1319 3576 predictas
1335 3491 1456 3575 .xviij.

186 3620 323 3721 myrtus
352 3618 480 3661 marcas
502 3619 614 3662 coram
638 3600 798 3680 magistro
823 3599 968 3664 Ricardo
993 3599 1201 3665 Crocheman
1226 3609 1305 3663 tunc
1327 3599 1457 3661 domini

187 3720 276 3814 girran
352 3702 588 3766 Archidiaconi
613 3703 756 3768 Eliensis
779 3705 919 3784 officiali.
967 3705 1012 3769 Et
1040 3705 1132 3768 Prior
1159 3705 1286 3788 Symon
1314 3705 1355 3767 de
1378 3724 1457 3767 con-

188 3833 269 3874 tem.
352 3827 450 3871 sensu
466 3808 516 3870 sui
534 3807 728 3872 Conuentus
745 3811 919 3874 innouauit
934 3822 1061 3875 cartam
1083 3810 1173 3874 illam
1196 3812 1237 3873 ad
1257 3809 1456 3873 soluendum

352 3913 535 3995 predictam
558 3917 732 3997 pecuniam
756 3915 839 3980 infra
860 3917 1038 3980 triennium
1061 3917 1132 3980 siue
1151 3914 1250 3978 fuerit
1265 3914 1456 3998 passagium

189 4025 319 4068 suetum
352 4018 506 4099 generale
522 4018 554 4080 in
571 4026 692 4083 terram
709 4028 859 4083 sanctam
876 4021 946 4084 siue
968 4041 1044 4084 non.
1093 4021 1137 4084 Et
1157 4019 1295 4103 expleto
1315 4019 1459 4082 triennio

189 4088 298 4230 ΞΞΞΞἙ
352 4123 521 4205 predictus
538 4123 697 4205 magister
712 4123 882 4189 Gallridus
898 4127 940 4189 de
958 4125 1093 4190 Mortuo
1111 4125 1195 4188 Mari
1217 4126 1294 4188 fecit
1313 4124 1458 4188 Priorem

400 4282 411 4315 ¹
428 4283 540 4334 William
556 4284 589 4334 de
605 4284 695 4334 Subur'
707 4285 728 4334 is
744 4286 886 4336 mentioned
903 4287 928 4336 in
944 4287 986 4338 the
1000 4287 1123 4338 Hundred
1137 4287 1216 4344 Rolts.
1229 4286 1254 4334 ii.
1267 4283 1325 4350 679,
1336 4301 1364 4334 ns
1375 4302 1462 4337 owner

352 4363 381 4414 of
398 4365 457 4416 land
477 4367 502 4415 in
524 4365 701 4431 Hemioglord.
721 4368 821 4424 Hunts;
847 4369 897 4418 and
917 4371 943 4418 in
963 4370 1006 4419 the
1026 4371 1085 4434 Quo
1104 4371 1226 4419 Waranto
1243 4367 1324 4428 Rolls,
1344 4385 1368 4434 p.
1390 4391 1413 4432 4,
1433 4387 1461 4420 as

352 4447 466 4514 deriving
476 4449 516 4499 his
527 4465 601 4499 name
612 4449 675 4500 stom
687 4465 702 4498 a
713 4467 801 4500 manor
812 4451 837 4502 in
850 4452 904 4502 that
916 4461 1017 4519 county.
