3188 5078
132 389 206 488 vn]
406 388 444 461 T
438 398 569 463 enunts
595 387 636 460 z'n
662 387 751 484 Dry
777 385 953 482 Drayton
1166 404 1233 474 311

199 575 406 659 Reginaidus
429 573 558 640 Giffard
581 575 675 637 tenet
697 590 796 635 vnam
821 588 932 633 acram
956 577 1050 644 terre,
1072 575 1117 630 et
1130 564 1240 629 reddit

130 703 191 766 per
215 701 342 747 annum
365 703 402 746 .v.
424 679 581 745 denarios
603 679 646 743 ad
677 677 786 742 dictos
808 674 969 739 terminos
996 692 1057 756 pro
1083 671 1240 736 omnibus

131 785 287 869 seruicijs.

199 891 363 956 Radulfus
387 887 530 954 Giffard¹
552 895 645 952 tenet
667 906 770 951 vnum
798 883 1007 967 mesuagium
1033 901 1110 946 cum
1133 881 1240 946 crofta

130 995 305 1059 adiacente
332 1015 396 1078 que
422 993 573 1057 continet
598 1010 699 1054 vnam
727 1009 838 1054 acram
867 999 962 1064 terre,
984 995 1019 1052 et
1045 985 1154 1050 reddit
1182 1005 1241 1068 per

131 1121 258 1163 annum
271 1098 322 1183 .vj.
334 1099 488 1164 denarios
500 1098 543 1162 ad
557 1097 679 1161 festum
694 1095 809 1162 Sancti
824 1093 999 1159 Michaelis
1012 1114 1072 1177 pro
1083 1092 1239 1156 omnibus

131 1201 290 1284 seruicijs.

200 1307 408 1390 Reginaidus
430 1309 554 1371 Persun
577 1313 670 1370 tenet
687 1323 789 1368 vnum
809 1301 1016 1386 mesuagium
1036 1321 1113 1366 cum
1134 1299 1240 1365 crofta

133 1411 308 1475 adiacente
332 1431 398 1494 que
424 1411 574 1475 continet
598 1429 698 1474 vnam
727 1427 838 1472 acram
866 1416 961 1484 terre,
988 1415 1023 1470 et
1046 1405 1156 1470 reddit
1182 1425 1241 1488 per

133 1533 259 1579 annum
298 1514 362 1596 iiij.
400 1515 525 1579 solidos
562 1515 605 1578 ad
644 1513 753 1578 dictos
790 1509 951 1576 terminos
988 1531 1049 1594 pro
1086 1509 1241 1574 omnibus

132 1618 291 1702 seruicijs.

201 1722 392 1805 Stephanus
407 1722 450 1787 de
467 1721 612 1786 Borham
628 1729 721 1785 tenet
735 1738 837 1783 vnum
855 1717 1116 1802 mesuagium,et
1132 1716 1243 1782 reddit

134 1846 193 1910 per
204 1847 329 1891 annum
343 1827 385 1891 ad
398 1826 520 1891 festum
534 1825 650 1890 Sancti
664 1823 839 1889 Michaelis
851 1843 912 1906 pro
924 1822 1082 1887 omnibus
1093 1820 1242 1904 seruicijs

133 1931 163 2013 .j.
179 1932 352 1996 denarium
369 1928 432 2014 [et]
447 1929 593 1995 obolum.

506 2071 510 2084 ·
628 2033 769 2099 Summa
783 2029 858 2114 .viij.
874 2031 971 2097 solidi
988 2031 1028 2114 ij.
1044 2029 1171 2115 denarii
1189 2032 1241 2097 oh

204 2243 262 2309 Isti
279 2253 356 2306 sunt
371 2241 574 2323 Custumarij
591 2241 742 2305 eiusdem
760 2239 881 2303 Prioris
897 2236 930 2302 in
947 2239 1065 2302 eadem
1082 2237 1179 2303 villa:

203 2379 411 2463 Reginaidus
432 2379 549 2443 Bulloc
569 2388 663 2443 tenet
683 2397 786 2442 vnum
807 2376 957 2440 clausum
979 2385 1013 2440 et
1033 2375 1242 2460 mesuagium

136 2586 270 2665 solidos,
285 2596 319 2651 et
335 2585 378 2650 ad
395 2587 517 2651 Nataie
533 2587 618 2652 duos
633 2605 779 2670 capones
795 2605 855 2668 pro
871 2584 1028 2649 omnibus
1043 2583 1198 2666 seruicijs

203 2690 395 2773 Stephanus
423 2688 515 2754 saber
541 2698 633 2754 tenet
660 2710 763 2753 vnum
791 2689 1000 2771 mesuagium
1031 2710 1107 2754 curn
1139 2688 1245 2754 crofta

136 2793 320 2871 adiacente,
346 2802 380 2858 et
411 2794 521 2859 reddit
548 2815 606 2878 per
633 2813 757 2858 annum
788 2793 831 2857 ad
862 2792 970 2857 dictos
1000 2794 1161 2857 terminos
1190 2793 1243 2876 .iij.

137 2897 270 2975 solidos,
293 2908 327 2962 et
353 2897 438 2962 duas
462 2919 581 2981 operas
606 2919 665 2981 per
688 2919 791 2962 vnum
816 2897 906 2961 diem
931 2897 964 2960 in
989 2907 1176 2981 autumpno
1200 2897 1337 2974 adt174

137 3003 248 3066 cibum
265 3002 393 3066 domini
410 3002 539 3079 Prioris,
554 3012 588 3067 et
604 3003 646 3067 ad
665 3002 787 3067 Nataie
803 3003 887 3067 duos
902 3021 1055 3086 capones.

205 3105 371 3170 Henricus
399 3105 662 3170 Molendinarius
687 3115 780 3170 tenet
803 3126 906 3170 vnum
934 3107 1141 3190 mesuagium
1169 3127 1245 3172 cum

138 3210 244 3276 crofta
270 3211 453 3287 adiacente,
475 3220 510 3274 et
537 3209 647 3275 reddit
673 3231 733 3292 per
758 3229 884 3274 annum
913 3209 966 3291 .iij.
989 3210 1124 3288 solidos,
1146 3221 1181 3276 et
1202 3211 1246 3276 ad

140 3315 263 3380 Natale
279 3314 418 3379 Domini
436 3314 477 3396 .ij.
492 3335 647 3398 capones.

205 3419 412 3503 Reginaidus
443 3420 474 3483 le
506 3419 612 3484 Roter
638 3427 730 3484 tenet
755 3439 858 3483 vnum
887 3421 1095 3504 mesuagium
1121 3431 1157 3487 et
1182 3444 1247 3488 .xv.

138 3627 273 3703 solidos,
303 3637 338 3692 et
372 3629 414 3692 ad
451 3627 574 3692 Natale
611 3629 749 3693 Domini
780 3629 866 3693 duos
896 3650 1051 3714 capones,
1080 3641 1115 3696 et
1144 3653 1247 3697 vnum

139 3752 262 3816 panem
284 3731 407 3808 album,
422 3732 465 3796 ad
488 3731 600 3796 cibum
621 3733 750 3798 domini
773 3733 902 3798 Prioris.
950 3735 995 3798 Et
1015 3735 1177 3802 herciabit
1197 3738 1250 3802 bis

140 3857 199 3920 per
219 3854 354 3913 annum,
369 3835 472 3898 semel
494 3835 526 3898 in
548 3845 701 3920 tempore
718 3837 852 3918 yemali,
867 3848 902 3901 et
920 3839 1022 3902 semei
1043 3839 1076 3903 in
1098 3849 1250 3924 tempore

140 3938 420 4025 quadragesimali
448 3939 491 4004 ad
519 3941 630 4004 cibum
659 3941 787 4005 Prioris
835 3941 880 4006 Et
904 3941 1002 4008 faciet
1025 3943 1109 4008 duas
1132 3965 1250 4028 operas

140 4047 183 4110 ad
216 4043 349 4123 senum3
384 4062 488 4107 vnum
519 4043 562 4107 ad
593 4044 796 4124 faicandum,
827 4046 917 4111 aliud
951 4049 994 4112 ad
1024 4047 1250 4132 colligendum

142 4147 255 4213 senum
283 4149 326 4210 ad
352 4147 465 4211 cibum
493 4147 620 4212 domini
649 4149 778 4214 Prioris.
824 4151 870 4214 Et
897 4150 996 4216 saciet
1021 4151 1106 4215 duas
1132 4173 1252 4236 operas

144 4254 178 4317 in
203 4261 391 4334 autumpno
414 4250 457 4314 ad
481 4251 592 4316 cibum
616 4252 744 4316 domini
769 4255 897 4318 Prioris.
944 4254 1031 4318 Item
1055 4255 1195 4321 cariabit
1217 4257 1251 4321 in

141 4367 329 4439 autumpno
350 4374 426 4419 cum
447 4355 584 4420 homine
599 4375 659 4419 suo
674 4365 709 4420 et
724 4376 800 4420 cum
817 4367 948 4422 carecta
964 4368 1074 4424 suaet
1089 4379 1176 4443 equo
1192 4381 1253 4424 suo

601 4476 611 4509 ¹
627 4477 716 4536 Gidan
729 4478 787 4530 MS.
