3222 5086
334 363 402 437 186
598 365 690 442 Case
715 367 765 466 of
780 363 890 438 Alan
915 363 960 437 de
986 363 1164 437 Frestone
1313 355 1435 456 [Boolt

327 549 396 607 iecit
414 554 451 610 de
473 555 597 626 quodam
619 555 731 612 redditu
749 571 845 612 annuo
863 553 1052 625 quadraginta
1071 550 1235 616 solidorum,
1253 563 1337 620 quem
1359 545 1437 600 idem

327 640 436 696 Alanus
447 642 476 696 in
484 643 562 698 curia
571 653 669 699 nostra
677 660 773 698 coram
780 640 946 712 justiciariis
953 640 1058 696 uostris
1068 639 1145 711 apud
1152 633 1436 692 westmonasterium

328 745 346 782 a
362 729 490 798 predicto
509 731 606 786 Priore
623 731 716 801 exigit,
730 730 824 802 ipsum
843 731 969 784 Priorem
987 729 1016 784 in
1028 727 1122 784 causis
1135 744 1184 782 seu
1200 723 1326 796 negociis
1338 724 1435 778 iuuare

327 824 356 870 et
381 817 528 873 consulere
553 817 702 882 recusauit,
727 835 792 873 curn
817 833 867 887 per
891 815 984 887 ipsum
1011 816 1137 870 Priorem
1160 812 1260 868 fuisset
1285 811 1351 866 inde
1373 825 1434 881 pre·

327 904 462 974 munitus,
480 905 553 960 sicut
571 905 714 976 predictus
735 905 814 960 Prior
836 904 914 974 dicit,
932 905 978 959 uel
997 920 1063 969 non,
1082 902 1154 957 sicut
1174 900 1310 971 magister
1327 898 1436 952 Alanus

328 991 403 1047 dicit
442 994 517 1062 Quia
540 1004 600 1049 tarn
619 993 764 1064 predictus
784 990 921 1062 magister
939 991 1049 1046 Alanus
1070 1006 1157 1061 quarn
1182 987 1325 1060 predictus
1348 983 1435 1049 Prior,

326 1078 400 1135 inter
417 1097 488 1150 quos
510 1081 577 1137 inde
599 1081 748 1137 contencio
769 1091 822 1147 est,
844 1087 998 1152 posuerunt
1021 1096 1052 1134 se
1076 1079 1106 1133 in
1127 1079 1252 1148 juratam
1275 1075 1359 1130 illam.
1397 1074 1436 1126 Et

328 1166 434 1222 babeas
451 1167 490 1222 ibi
508 1167 625 1224 nomina
639 1168 797 1237 juratonrm
810 1176 837 1222 ct
852 1166 907 1222 hoc
919 1169 1014 1224 breue.
1051 1167 1137 1220 Teste
1155 1166 1180 1235 J.
1193 1164 1230 1219 de
1244 1160 1437 1232 Metingham¹

328 1256 405 1326 apud
415 1257 700 1313 Westmonasterium
712 1255 793 1325 .vij⁰.
808 1257 854 1311 die
869 1255 1037 1311 Decembris
1050 1271 1126 1309 anno
1139 1252 1218 1324 regni
1231 1250 1319 1307 nostri
1333 1247 1436 1318 ‚xxij⁰.²

457 1445 525 1493 121.
569 1429 767 1494 Inrotulatio
789 1429 825 1492 in
847 1428 943 1492 banco
965 1427 1005 1492 de
1018 1428 1139 1512 placito
1162 1423 1316 1510 magistri

710 1530 818 1594 Alani
838 1531 877 1594 de
898 1530 1058 1594 Frestone.

166 1685 270 1728 Mende
383 1664 462 1719 Prior
479 1663 516 1719 de
536 1665 706 1721 Bernewelle
725 1663 913 1719 summonitus
931 1663 983 1718 t'uit
1002 1664 1039 1718 ad
1057 1660 1285 1733 respondendum
1302 1657 1439 1728 magistro

166 1737 316 1838 {miza
328 1753 421 1809 Alano
433 1754 469 1809 de
483 1753 619 1809 Frestone
632 1755 668 1808 de
684 1753 789 1825 placito
806 1754 880 1824 quod
899 1752 1000 1808 reddet
1012 1752 1038 1807 ei
1050 1749 1149 1823 viginti
1163 1761 1191 1807 et
1204 1759 1314 1820 septem
1326 1763 1437 1803 marcas

165 1834 295 1928 {hg‘ssffi
328 1859 383 1916 que
395 1843 421 1900 ei
439 1851 532 1898 aretro
551 1853 616 1898 sunt
633 1843 668 1899 de
684 1859 780 1899 annuo
799 1841 910 1898 redditu
928 1841 1117 1914 quadraginta
1135 1840 1289 1895 solidorum
1307 1852 1393 1908 quem
1411 1834 1437 1890 ei

165 1935 292 2028 mgb,
328 1932 413 1987 debet
426 1941 489 2000 etc.‚
502 1932 576 1987 vnde
594 1932 663 1988 dicit
679 1933 756 2003 quod
773 1948 837 1987 cum
855 1931 971 2003 quidam
988 1931 1106 2003 Joianus
1124 1929 1269 2001 quondam
1286 1927 1366 1981 Prior
1383 1935 1437 1980 etc.

167 2035 262 2096 ἱππῆες
329 2021 511 2090 predecessor
527 2020 646 2090 predicti
667 2019 769 2074 Prion's
788 2031 816 2075 et
834 2019 962 2074 eiusdem
979 2019 1034 2074 loci
1053 2028 1210 2074 conuentus
1230 2015 1439 2071 concessissent

166 2087 286 2188 ξζζζξξζ,
329 2109 422 2164 eidem
452 2109 589 2179 magistro
613 2109 706 2164 Alano
731 2109 889 2180 predictum
919 2125 1045 2164 annuum
1076 2107 1219 2164 redditum
1250 2103 1440 2178 quadraginta

166 2193 283 2290 ffssffin
330 2197 483 2253 solidorum
504 2198 542 2254 ad
566 2199 637 2253 duos
659 2199 794 2253 terminos
815 2197 882 2253 anni
904 2197 1117 2269 percipiendum
1139 2198 1176 2252 de
1197 2211 1311 2251 camera
1332 2193 1439 2249 scilicet

285 2265 292 2278 ⁹
330 2284 429 2356 viginti
451 2285 557 2341 solidos
576 2285 650 2341 inira
668 2287 785 2341 octabas
806 2286 916 2342 Pasche
935 2297 963 2341 et
981 2285 1080 2355 viginti
1100 2284 1206 2340 solidos
1227 2283 1300 2339 inira
1321 2281 1440 2338 octabas

330 2375 428 2429 Sancti
454 2373 603 2430 Michaelis
627 2373 763 2446 quamdiu
785 2375 845 2445 ipse
866 2374 975 2428 Alanus
998 2374 1096 2429 vixerit
1119 2388 1265 2444 quousque
1289 2388 1340 2442 per
1360 2371 1439 2441 ipsos

330 2464 456 2520 Priorem
472 2473 500 2519 et
519 2466 698 2519 Conuentum
715 2463 827 2519 vberius
846 2463 945 2518 suisset
963 2463 1108 2533 prouisum
1126 2474 1188 2531 etc,
1200 2463 1343 2533 predictus
1361 2459 1439 2515 Prior

349 2552 470 2609 redictas
482 2552 580 2622 viginti
593 2563 623 2609 et
635 2570 665 2608 se
686 2564 744 2608 tem
753 2569 864 2608 marcas
877 2553 913 2609 de
925 2552 1074 2622 arreragijs
1103 2551 1202 2607 redicti
1213 2551 1299 2606 annui
1311 2550 1439 2606 redditus

169 2654 311 2704 incoepere
330 2570 356 2696 Ei
386 2640 488 2696 iniuste
519 2640 638 2696 detinuit
666 2571 696 2697 Et
726 2641 844 2696 reddere
874 2640 1062 2705 contradicit;
1084 2569 1126 2695 pet
1157 2642 1231 2695 vnde
1262 2639 1330 2694 dicit
1363 2639 1439 2710 quod

166 2703 308 2796 ffitiffiie'
330 2730 516 2786 deterioratus
533 2741 577 2786 est
595 2741 624 2786 et
642 2730 798 2801 dampnum
814 2729 900 2785 habet
917 2731 955 2785 ad
968 2731 1126 2785 valentiam
1145 2742 1259 2785 centum
1278 2727 1438 2784 solidorum

166 2804 288 2905 ffiffi'
296 2813 312 2842 ⁸
332 2817 370 2873 Et
383 2817 449 2874 inde
461 2817 591 2889 producit
603 2829 710 2874 sectam
724 2829 784 2886 etc,
798 2827 827 2874 et
836 2818 939 2890 profert
951 2818 1097 2890 quoddam
1110 2818 1245 2889 scriptum
1258 2817 1312 2872 sub
1325 2817 1440 2873 nomine

167 2903 285 2995 {¹⁹31th
331 2907 448 2978 predicti
472 2907 566 2978 Jolani
591 2909 736 2979 quondam
759 2907 863 2962 Prioris
884 2919 911 2962 ct
932 2917 1090 2962 conuentus
1111 2919 1162 2962 etc.
1185 2908 1262 2979 quod
1283 2907 1440 2978 predictum

164 2966 247 3058 Jtilan·
330 3013 456 3052 annuum
468 2995 610 3052 redditum
626 3007 744 3052 testatur
761 3008 812 3052 cte.
830 3008 858 3051 et
876 2997 1019 3068 predictus
1035 2998 1145 3052 Alanus
1158 2997 1187 3052 in
1201 2998 1332 3053 omnibus
1345 2998 1440 3052 causis

332 3102 381 3140 seu
406 3085 531 3155 negociis
555 3086 680 3157 ipsorum
707 3086 809 3140 Prioris
831 3095 859 3140 et
879 3097 1036 3141 conuentus
1057 3085 1177 3155 agendis
1201 3095 1230 3141 et
1255 3085 1441 3141 defendendis

332 3173 535 3245 patrocinium⁸
564 3174 719 3229 secundum
750 3191 834 3244 posse
871 3191 953 3228 suum
984 3175 1099 3245 propria
1131 3191 1183 3229 sua
1219 3174 1377 3244 equitatura
1413 3184 1441 3229 et

332 3259 513 3333 su[m]ptibus
532 3262 657 3333 ipsorum
676 3263 780 3318 Prioris
799 3275 827 3318 et
845 3273 1002 3318 conuentus
1021 3263 1141 3318 fideliter
1159 3273 1284 3335 patraret
1303 3274 1355 3319 etc.
1369 3274 1397 3318 et
1415 3263 1440 3320 si

332 3351 506 3421 contingeret
530 3351 624 3424 ipsum
648 3353 744 3424 aliquo
768 3352 906 3422 legittimo
934 3353 1020 3407 modo
1045 3353 1176 3425 impediri
1206 3353 1357 3424 quominus
1386 3354 1441 3408 hoc

333 3441 517 3511 personaliter
534 3441 627 3496 tacere
644 3451 740 3512 posset
759 3459 861 3497 causas
878 3443 1005 3512 ipsorum
1027 3441 1131 3497 Prioris
1149 3452 1178 3497 et
1202 3453 1359 3498 conuentus
1381 3441 1442 3498 siue

257 3531 275 3580 s.
289 3545 320 3595 70
332 3529 452 3600 negocia
467 3530 594 3598 instruet,
611 3541 639 3586 et
656 3532 742 3586 alium
760 3533 902 3601 ydoneum
919 3531 983 3586 loco
1000 3531 1042 3586 sui
1060 3531 1122 3600 (sic)
1140 3532 1299 3601 sumptibus
1316 3533 1441 3603 ipsorum

335 3619 439 3674 Prioris
450 3629 479 3676 et
491 3629 649 3677 conuentus
661 3621 815 3676 destinabit
827 3632 879 3677 etc.

526 3817 594 3866 122.
639 3801 815 3885 Responsio
836 3781 971 3866 Priores
991 3802 1032 3866 a
1052 3801 1253 3868 seruauere.

169 3950 222 3993 nne
233 3950 302 3992 Peter
387 3940 426 3995 Et
445 3939 525 3994 Prior
542 3955 593 4010 per
610 3948 783 3994 attornatum
802 3955 884 3994 suum
900 3938 977 3993 venit
995 3948 1024 3993 et
1043 3941 1116 3994 bene
1133 3939 1267 4009 cognouit
1285 3939 1443 4011 predictum

169 4001 321 4094 iifflffi⁸²
334 4028 469 4100 scriptum
481 4045 545 4084 esse
557 4025 662 4084 factum
679 4026 797 4098 predicti
810 4027 1017 4097 predecessoris
1030 4027 1073 4082 sui
1086 4037 1113 4082 et
1126 4035 1282 4082 conuentus
1294 4036 1347 4082 etc.
1385 4027 1444 4082 Sed

383 4151 521 4216 ¹Ajudge
531 4150 562 4200 os
572 4151 616 4201 the
628 4150 718 4216 Ring’s
730 4151 824 4202 Bench.

382 4233 465 4284 'The
486 4233 576 4284 audior
597 4233 643 4282 lus
665 4233 774 4283 inserted
800 4233 827 4282 in
847 4249 915 4283 error
938 4230 982 4282 the
1003 4233 1091 4282 venire
1103 4231 1190 4296 socias
1212 4231 1293 4282 issued
1316 4231 1378 4282 efter
1400 4231 1445 4282 the

333 4319 425 4386 parties
436 4317 486 4368 bed
497 4315 607 4383 pieeded
618 4315 715 4365 instead
727 4313 756 4364 oi
765 4315 807 4365 the
818 4314 925 4378 original
936 4315 998 4364 writ.

380 4399 392 4433 ⁸
408 4400 575 4466 patricinium
590 4399 648 4449 MS.
