3188 5078
109 392 192 498 vn]
399 396 437 469 T
429 405 561 470 enanis
588 395 628 468 in
663 391 929 491 Whittlessord
1154 411 1224 484 315

185 581 349 645 Ricardus
368 580 399 644 le
421 581 605 646 mareschal
626 589 718 646 tenet
740 581 773 644 in
796 577 987 663 Briggeseld
1009 577 1038 660 .j.
1059 596 1171 642 acram
1192 585 1227 640 et

111 685 292 749 dimidiam
323 695 357 748 et
387 684 416 767 .j.
443 684 572 761 rodam,
598 692 632 748 et
662 683 772 747 iacent
803 683 889 746 inter
919 692 1041 747 terram
1078 679 1227 763 magistri

112 789 258 854 Walteri
286 799 320 854 et
344 798 467 854 terram
495 786 642 853 Radulfii
669 789 712 852 de
740 786 993 864 Dokesworthe‚
1015 795 1049 850 et
1071 786 1229 850 abuttant

113 903 362 978 superterram
386 893 592 976 Baldewyni.
639 892 726 956 Item
750 899 844 955 tenet
864 891 893 974 .j.
915 911 1027 955 acram
1052 891 1084 954 in
1108 890 1227 954 eodem

113 1018 240 1083 campo
263 999 360 1062 iuxta
383 1008 506 1063 terram
529 997 662 1060 Thome
686 996 865 1078 Carectarij
892 1007 926 1060 et
949 995 1107 1060 abuttant
1129 1015 1229 1078 super

114 1104 326 1168 Yeuestrate.
362 1101 448 1166 Item
462 1111 556 1166 tenet
567 1101 600 1164 in
614 1101 819 1165 Stonhilfeld
832 1101 860 1183 .j.
874 1121 985 1165 acram
998 1110 1032 1164 et
1044 1100 1228 1176 dimidiam,

114 1215 152 1271 et
171 1206 284 1290 jacent
303 1206 389 1270 inter
409 1215 530 1269 terram
548 1204 709 1268 Willeimi
725 1207 768 1270 de
784 1205 1006 1282 Stachedene,
1021 1215 1055 1269 et
1070 1205 1229 1268 abuttant

115 1331 219 1395 super
233 1321 354 1375 terram
372 1310 522 1394 magistri
539 1309 688 1376 Walteri.

714 1413 857 1479 Summa
871 1413 936 1496 iiij.
953 1434 1028 1477 acre
1043 1422 1077 1477 et
1092 1412 1121 1495 .j.
1138 1412 1228 1476 roda.

186 1519 386 1603 Radulphus
405 1518 447 1583 de
468 1518 689 1584 Dokeswrthe
704 1529 798 1584 tenet
813 1520 846 1584 in
865 1518 1055 1602 Briggefeld
1071 1517 1100 1602 .j.
1116 1537 1227 1582 acram

115 1634 152 1688 et
175 1623 350 1689 dimidiam
373 1633 408 1689 et
431 1623 459 1707 .j.
484 1625 610 1703 rodam,
633 1634 667 1689 et
687 1623 801 1706 jacent
825 1625 910 1689 inter
931 1634 1054 1688 terram
1079 1622 1228 1706 magistri

118 1727 261 1793 Walteri
288 1739 322 1792 et
349 1737 471 1794 terram
500 1729 635 1794 Ricardi
664 1730 862 1806 Marescalii,
885 1739 921 1794 et
947 1729 1104 1793 abuttant
1130 1749 1229 1812 super

117 1841 241 1896 terram
266 1832 471 1915 Baldewyni.
944 1833 1085 1899 Summa
1101 1832 1228 1898 eadem.

185 1937 335 2001 Thomas
359 1937 475 2003 Haket
495 1947 588 2004 tenet
604 1939 637 2002 in
655 1939 858 2005 Stonhilield
876 1939 905 2022 .j.
921 1959 1032 2004 acram
1049 1949 1135 2005 terre
1150 1949 1185 2003 et
1199 1938 1228 2020 .j.
1242 1949 1260 2000 f.
1276 1947 1322 2014 176

118 2041 236 2104 rodam
261 2042 387 2107 scilicet
413 2043 447 2106 in
473 2043 637 2108 Peseiond
660 2045 747 2109 inter
771 2051 894 2109 terram
919 2045 1059 2128 predicti
1085 2043 1227 2128 Philippi

118 2165 164 2209 ex
194 2155 333 2229 vtraque
366 2155 470 2230 parte,
499 2156 534 2212 et
568 2150 702 2214 abuttat
737 2170 837 2234 super
867 2158 989 2213 terram
1023 2147 1162 2212 Walteri
1198 2147 1229 2210 ie

120 2248 340 2332 Frankeleyn.
936 2251 1078 2318 Summa
1100 2251 1228 2316 eadem.

186 2352 369 2418 Nicholaus
385 2353 558 2419 Bercarius
574 2365 666 2421 tenet
681 2357 715 2420 in
732 2355 934 2421 Stonhiiseid
951 2355 1004 2438 iij.
1020 2355 1128 2432 rodas,
1144 2356 1229 2420 inter

119 2467 241 2522 terram
263 2459 403 2541 predicti
425 2459 570 2544 Philippi
592 2461 624 2524 in
649 2460 812 2525 Peselond
833 2471 869 2526 et
889 2471 1011 2525 terram
1034 2460 1227 2542 Baldewyni

119 2561 162 2626 de
179 2561 333 2644 Romely,
344 2572 379 2627 et
390 2565 548 2629 abuttant
559 2585 661 2648 super
672 2575 794 2629 terram
811 2564 951 2629 Walteri
965 2565 996 2628 le
1010 2563 1227 2646 Frankeieyn.

121 2667 167 2730 Et
197 2665 285 2730 idem
318 2667 502 2734 Nicholaus
532 2678 625 2734 tenet
655 2669 781 2734 dictam
812 2677 934 2733 terram
966 2669 1009 2733 de
1040 2669 1172 2732 Thoma
1199 2666 1229 2730 ie

121 2768 259 2853 Draper.

184 2874 356 2956 Johannes
373 2875 466 2940 Mille
482 2885 575 2942 tenet
592 2878 623 2940 in
642 2877 832 2961 Briggeieid
850 2876 903 2959 iij.
921 2878 1019 2941 rodas
1035 2888 1119 2940 terre
1133 2877 1229 2940 iuxta

121 2989 241 3042 terram
259 2978 397 3062 predicti
416 2979 570 3065 Philippi,
585 2991 619 3044 et
634 2982 794 3046 abuttant
809 3001 909 3064 super
925 2981 1176 3047 Watiowedole.

186 3083 354 3148 Walterus
370 3083 539 3148 Morteiak
551 3094 645 3150 tenet
660 3086 692 3149 in
711 3084 915 3150 Holmisseld
929 3086 1103 3149 dimidiam
1117 3105 1227 3149 acram

121 3198 207 3252 terre
228 3187 260 3250 in
283 3187 473 3252 Stonimere
488 3189 574 3252 inter
594 3198 717 3253 terram
739 3189 877 3274 predicti
897 3189 1040 3273 Philippi
1057 3197 1092 3252 et
1106 3199 1228 3252 terram

124 3290 261 3355 Henrici
288 3291 457 3374 prepositi.
504 3291 599 3358 Idem
625 3293 793 3358 Walterus
816 3303 908 3357 tenet
931 3295 964 3357 in
991 3313 1113 3376 campo
1138 3293 1227 3376 apud

123 3395 328 3458 MiddeImor
356 3394 409 3477 iij.
440 3394 539 3459 rodas
574 3397 661 3460 inter
690 3407 812 3461 terram
848 3397 988 3481 predicti
1021 3396 1164 3480 Philippi
1195 3408 1230 3462 et

122 3511 243 3564 terram
271 3499 421 3583 magistri
448 3499 597 3564 Walteri.
645 3501 741 3564 Idem
771 3510 864 3566 tenet
895 3503 928 3565 in
958 3501 1077 3565 eodem
1108 3520 1230 3583 campo

121 3603 211 3687 apud
235 3603 351 3669 Tostes
372 3603 401 3686 .j.
421 3603 596 3669 dimidiam
617 3623 728 3669 acram
751 3606 992 3669 iuxtaterram
1018 3605 1163 3688 Philippi
1186 3604 1230 3668 de

123 3708 342 3790 Scyreburne.

189 3810 377 3875 Wilielmus
401 3809 487 3876 filius
513 3810 638 3895 Rogeri
666 3821 759 3877 tenet
782 3811 815 3874 in
840 3811 1030 3895 Briggeield
1054 3811 1107 3895 .iij.
1131 3812 1230 3877 rodas

122 3928 207 3982 terre
227 3917 313 3981 inter
328 3927 449 3981 terram
466 3917 547 3981 dicti
564 3916 709 4001 Philippi
725 3926 760 3980 et
776 3926 898 3981 terram
916 3918 1065 4000 magistri
1082 3916 1231 3993 Walteri,

122 4029 156 4087 et
171 4020 327 4085 abuttant
342 4039 442 4104 super
458 4021 604 4087 Estmor.

189 4125 409 4210 Baldewynus
434 4125 580 4210 Dakeny
599 4135 693 4191 tenet
713 4127 767 4192 ix.
788 4147 881 4192 acras
900 4137 985 4190 terre
1009 4126 1041 4189 in
1063 4125 1231 4191 Churche·

123 4232 207 4298 croft
229 4232 313 4297 inter
333 4241 437 4296 terras
459 4231 609 4296 eiusdem
632 4231 827 4314 Baidewyni
851 4251 895 4294 ex
918 4239 1059 4312 vtraque
1080 4237 1176 4312 parte
1197 4239 1232 4293 et

123 4339 280 4402 abuttant
294 4357 394 4420 super
408 4335 549 4402 crostam
565 4336 699 4400 Thome
716 4334 839 4400 Haket.

190 4441 320 4522 Symon
342 4449 505 4505 mercator
525 4449 618 4506 tenet
640 4441 674 4505 in
698 4437 901 4503 Hoimisield
915 4436 1007 4520 apud
1026 4435 1233 4501 Heldrestub
