3192 5102
144 359 203 464 tv]
414 363 543 461 bytho
569 364 693 438 Prior
714 363 796 438 and
820 362 985 438 Conoant
1179 379 1251 454 207

237 590 283 638 12.
329 573 523 638 Procuracio
545 573 594 638 ad
611 571 864 638 contrahendum
885 593 958 638 mm
981 581 1160 638 mercatore.

199 727 348 782 Uniuersis
362 726 465 782 Christi
485 726 615 782 fidelibus
634 734 779 797 presentes
797 725 906 781 litteras
924 725 1091 796 inspecturis
1110 724 1155 780 uel
1174 723 1252 779 audi·
1265 727 1372 821 {obium

144 815 214 870 turis
227 813 360 887 S[ymon]
375 815 453 871 Prior
465 815 501 870 de
514 817 685 872 Bemewelle
698 825 725 871 et
738 815 865 871 eiusdem
878 815 933 870 loci
948 825 1105 871 conuentus
1122 814 1253 883 Elyensis
1266 829 1382 880 appetat·
1452 847 1459 858 ·

144 903 307 972 dyoceseos,
321 904 441 959 salutem
454 904 483 958 in
496 904 613 958 domino
626 904 834 974 sempitemam.
1266 877 1417 972 ffiffiyss‘

199 991 318 1046 Nouerit
337 991 508 1047 uniuersitas
526 1001 620 1047 vestra
638 991 715 1061 quod
735 1009 786 1046 nos
805 1003 902 1047 tenore
925 990 1104 1062 presencium
1126 989 1253 1056 facimus,
1266 979 1378 1082 &5¹52

144 1078 350 1148 constituimus,
360 1088 389 1135 et
398 1080 561 1136 ordinamus
571 1079 706 1136 dilectum
716 1079 798 1135 nobis
807 1081 836 1134 itt
846 1079 959 1136 Christo
971 1080 1085 1134 fratrem
1096 1077 1252 1135 Galitidum
1266 1079 1419 1132 mamertia

144 1165 181 1221 de
200 1167 319 1222 London
336 1168 505 1224 canonicum
523 1178 650 1224 nostrum
668 1179 877 1237 procuratorem
895 1177 1022 1225 nostrum
1040 1167 1198 1238 legitimum
1216 1167 1253 1222 ad
1267 1129 1396 1223 :ffiiriie'

144 1263 273 1310 mutuum
293 1255 516 1310 contrahendum
535 1273 624 1327 usque
643 1257 679 1311 ad
698 1255 1107 1329 quantitatem.c.marcatum
1127 1253 1254 1325 sterling·
1267 1243 1332 1274 '¹¹¹⁰'

145 1354 234 1405 otum,
266 1339 416 1394 tresdecim
447 1337 544 1392 solidis
568 1349 597 1394 et
627 1349 749 1410 quatuor
778 1336 902 1408 denarijs
930 1354 981 1407 pro
1006 1355 1103 1392 marca
1128 1337 1253 1409 qualibet

145 1427 352 1496 computandis,
389 1443 452 1482 cum
484 1427 698 1498 quibuscunque
728 1425 933 1482 mercatoribus
966 1425 996 1480 in
1033 1442 1119 1495 regno
1152 1425 1254 1495 Anglie

146 1510 396 1579 commorantibus,
422 1521 449 1565 et
473 1512 510 1565 ad
540 1510 732 1582 recipiendum
763 1511 915 1581 pecumam
945 1512 1060 1566 nomine
1090 1519 1187 1565 nostro
1217 1511 1254 1565 ab

145 1598 252 1652 eisdem
267 1617 274 1663 ;
294 1599 488 1670 promittentes
507 1616 559 1654 nos
578 1611 670 1654 ratum
689 1611 718 1655 et
736 1599 848 1655 firmum
866 1599 1011 1655 babituros
1031 1599 1165 1670 quicquid
1178 1598 1254 1653 idem

144 1683 231 1740 frater
240 1683 407 1758 G[alfridus]
415 1685 576 1742 huiusmodi
585 1686 1076 1743 contractunominenostroduxerit
1085 1684 1253 1741 laciendum

146 1775 316 1844 Obligamus
338 1775 428 1830 eciam
448 1792 501 1831 nos
522 1777 576 1831 sub
597 1777 737 1846 ypotecha
760 1792 853 1830 rerum
878 1785 1036 1830 nostrarum
1057 1772 1203 1829 mobilium
1227 1783 1256 1829 et

145 1861 333 1918 immobilium
352 1862 389 1918 ad
407 1863 582 1918 solucionem
601 1880 736 1935 penarum
756 1863 893 1918 interesse
911 1871 939 1918 et
958 1863 1147 1932 dampnorum
1160 1879 1214 1933 que
1228 1871 1255 1916 et

145 1967 217 2022 quas
236 1949 304 2005 dicti
318 1960 488 2006 mercatores
506 1949 656 2017 incurrent,
669 1961 697 2006 et
715 1951 819 2022 adque
832 1949 986 2021 prelibatus
999 1949 1084 2004 frater
1097 1946 1256 2004 Gallridus¹

146 2055 199 2094 nos
212 2037 356 2108 obligabit,
370 2037 392 2094 si
407 2039 436 2092 in
450 2039 594 2094 solucione
606 2037 725 2109 pecunie
735 2047 847 2108 recepte
860 2054 909 2092 seu
923 2035 1082 2106 recipiende
1091 2035 1218 2091 terminis
1228 2047 1256 2091 et

146 2125 217 2180 loeis
230 2125 435 2181 cessauerimus
448 2125 615 2193 statuendis,
627 2123 825 2180 renunciantes
835 2121 998 2194 excepcioni
1008 2124 1085 2194 quod
1094 2123 1255 2178 huiusmodi

147 2213 269 2286 pecunia
285 2229 341 2267 non
356 2213 391 2267 sit
404 2229 542 2267 conuersa
556 2213 584 2266 in
597 2212 747 2267 utilitatem
758 2211 877 2268 ecclesie
890 2223 995 2278 nostre,
1007 2221 1035 2266 et
1048 2209 1179 2266 omnibus
1192 2211 1256 2282 alijs

147 2300 363 2372 exceptionibus
376 2300 478 2372 quibus
491 2300 585 2371 ipsum
598 2299 763 2354 renunciare
776 2297 928 2368 continget

203 2390 238 2443 ln
251 2387 329 2444 cuius
342 2387 381 2444 rei
395 2387 587 2443 testimonium
601 2386 723 2457 sigillum
736 2387 850 2458 capituli
863 2385 951 2441 nostri
965 2385 1143 2456 presentibus
1155 2385 1255 2442 litteris

147 2476 279 2532 duximus
291 2476 500 2548 apponendum
539 2476 648 2530 Datum
661 2483 713 2530 etc.

193 2724 239 2787 13.
285 2705 480 2770 Procuracio
502 2705 562 2770 sub
583 2703 653 2768 alia
666 2704 782 2785 form
804 2703 853 2766 ad
869 2701 1121 2767 contrahendum
1143 2721 1215 2763 cum

611 2819 793 2874 mercatore.

204 2966 353 3024 Uniuersis
372 2966 476 3022 Christi
495 2966 625 3021 fidelibus
645 2973 791 3035 presentes
809 2963 917 3018 litteras
935 2961 1036 3016 visuris
1055 2961 1098 3016 vel
1111 2959 1257 3027 audituris,
1271 2961 1402 3065 affl&

150 3055 230 3110 Prior
253 3055 416 3125 monasterii
439 3056 475 3110 de
497 3055 669 3110 Bernewelle
694 3063 722 3107 et
747 3051 873 3107 eiusdem
898 3051 951 3106 loci
974 3058 1130 3105 conuentus
1152 3046 1258 3102 ordinis
1272 3062 1413 3105 monitore

149 3144 241 3198 sancti
254 3143 404 3212 Augustini
419 3143 551 3211 Elyensis
564 3143 712 3197 dioceseos
725 3142 846 3195 salutem
865 3140 894 3195 in
913 3138 1029 3194 domino
1048 3137 1256 3207 sempitematn
1272 3113 1403 3206 5³1²„ssqu

205 3231 350 3287 Noueritis
369 3247 421 3285 nos
440 3229 587 3285 ordinasse
605 3239 634 3284 et
652 3228 833 3285 constituisse
851 3227 985 3283 dilectum
1005 3225 1087 3282 nobis
1100 3225 1130 3280 in
1143 3225 1257 3282 Christo
1271 3219 1385 3257 mount.

149 3319 264 3376 fratrem
290 3320 450 3376 Galiridum
475 3320 511 3374 de
537 3320 665 3386 landon,
687 3329 815 3374 nostrum
835 3317 1004 3372 canonicum
1024 3325 1052 3370 et
1072 3315 1257 3386 subpriorem,

150 3418 361 3480 procuratorem
385 3416 514 3462 nostrum
539 3407 576 3462 ad
601 3407 781 3462 tractandum
806 3423 872 3461 cum
896 3403 1100 3460 mercatoribus
1126 3404 1257 3459 Loudon·

150 3496 283 3564 iensibus,
302 3495 479 3564 Florentinis,
497 3495 557 3550 siue
575 3496 750 3551 senensibus
766 3505 794 3550 et
810 3494 848 3550 ad
865 3505 994 3550 mutuum
1009 3493 1203 3564 recipiendum
1220 3494 1258 3548 ab

149 3587 258 3643 eisdem
277 3602 366 3658 usque
385 3586 423 3641 ad
448 3601 589 3640 summam
610 3585 735 3656 aliquam
756 3585 913 3640 secundum
937 3585 1013 3654 quod
1038 3583 1138 3639 melius
1155 3584 1258 3639 uiderit

151 3675 281 3746 expedire
299 3676 328 3729 in
347 3675 494 3730 utilitatem
514 3673 632 3729 ecclesie
651 3683 747 3728 nostre
765 3672 994 3728 conuertendam.
1033 3673 1143 3726 Dantes
1164 3672 1258 3726 eidem

151 3764 264 3834 plenam
282 3775 311 3818 et
329 3763 447 3818 liberam
465 3771 636 3833 potestatem
655 3761 799 3831 obligandi
818 3778 871 3816 nos
890 3771 918 3817 et
937 3777 1115 3816 successores
1138 3771 1257 3826 nostros,

153 3851 312 3906 Ecclesiam
327 3862 463 3917 nostram,
476 3853 552 3906 bona
568 3860 665 3906 nostra
681 3851 779 3905 omnia
794 3849 912 3905 mobilia
927 3859 955 3905 et
972 3849 1128 3904 immobilia
1146 3849 1258 3904 ecclesi·
1271 3857 1289 3907 l.
1303 3871 1334 3922 79

152 3938 242 3996 astica
259 3949 287 3994 et
306 3938 451 3993 mundana
468 3939 575 3994 eisdem
596 3939 798 3994 mercatoribus
817 3939 863 3994 uel
881 3955 978 3993 eorum
997 3937 1080 3993 alicui
1099 3939 1143 3992 vel
1162 3955 1258 3992 eorum

152 4026 238 4096 socijs
255 4027 359 4097 quibus
377 4043 429 4080 nos
448 4027 573 4096 obligare
590 4026 737 4094 uoluerim,
749 4035 842 4081 ratum
858 4021 1006 4096 babiturii]
1019 4033 1047 4078 et
1058 4035 1171 4093 gratum
1182 4025 1259 4096 quic-

152 4113 221 4185 quid
233 4113 376 4185 predictus
388 4111 472 4168 irater
491 4111 660 4186 G[alfridus]
672 4113 787 4168 nomine
805 4123 902 4168 nostro
921 4122 948 4168 et
968 4111 1097 4167 Ecclesie
1115 4121 1211 4168 nostre
1230 4111 1259 4165 in

152 4202 267 4274 prelatis
280 4200 388 4257 duxerit
401 4200 570 4256 laciendum.

207 4291 240 4346 ln
253 4290 332 4346 cuius
345 4289 384 4346 rei
397 4289 590 4344 testimonium
602 4299 656 4345 etc.
694 4289 802 4344 Datum
815 4300 866 4345 etc.

583 4415 592 4448 ¹
609 4418 749 4479 Gariridus,
765 4419 822 4470 tts.
