3212 5064
340 378 387 466 56
460 371 521 470 Os
530 371 641 471 King
657 371 816 469 Stephen
834 369 915 444 ancl
928 369 1040 470 King
1056 370 1194 468 Henry
1210 370 1267 444 Il.
1323 366 1444 470 [uoox

338 551 419 636 ipsis
455 554 622 618 canonicis
659 553 748 618 utilis
784 553 817 618 in
855 552 969 618 multis
1004 551 1188 637 angustijs;
1226 551 1320 616 cuius
1349 561 1445 616 tenor

337 657 489 741 superius
512 659 688 724 scribitur¹.

405 760 482 825 Rex
510 762 572 827 iste
599 763 719 827 nobilis
749 761 916 827 Henricus
940 783 1058 847 pacem
1086 763 1233 847 undique
1257 761 1385 826 habens
1412 759 1444 824 in

341 865 585 932 Normanniam
602 867 705 944 uadit,
720 877 754 932 et
769 866 957 931 Willelmus
977 867 1065 931 lilius
1086 867 1157 932 eius
1177 888 1198 931 a
1213 887 1290 950 rege
1308 864 1446 931 Francie

341 970 585 1036 Normanniam
612 973 657 1038 ab
682 993 723 1037 eo
748 972 929 1038 tenendam
957 973 1086 1058 accipit
1142 971 1375 1055 Omnibusque
1401 969 1445 1034 ad

340 1073 472 1139 libitum
503 1076 654 1159 peractis,
682 1097 759 1160 rege
789 1077 822 1140 in
853 1076 1015 1160 Angliam
1054 1077 1223 1156 redeunte,
1252 1077 1340 1141 lilius
1374 1076 1445 1140 eius

177 1193 258 1235 nuth
268 1193 296 1235 οῐ
340 1179 538 1258 Willelmus,
553 1191 683 1264 patrem
700 1191 906 1260 consecutus,
922 1183 955 1246 in
972 1181 1055 1246 mira
1071 1181 1155 1246 aeris
1176 1182 1353 1246 serenitate
1369 1200 1444 1244 curn

175 1242 310 1345 illenllldl·
339 1283 420 1347 llore
450 1285 558 1348 tocius
585 1285 709 1370 Anglie
736 1295 770 1351 et
798 1285 1004 1350 Normannie
1032 1285 1064 1349 in
1093 1287 1175 1349 mari
1201 1284 1446 1367 submergitur3

176 1355 231 1393 non,
242 1354 300 1387 Μ’
339 1388 427 1452 vnde
442 1398 534 1452 ortus
555 1399 607 1453 est
627 1390 736 1454 luctus
751 1389 983 1455 intollerabilis
998 1409 1088 1454 anno
1104 1389 1231 1454 domini
1248 1401 1303 1453 m⁰.
1319 1393 1357 1453 c⁰.
1374 1387 1444 1470 xij⁰.

340 1493 509 1559 Translati
532 1506 611 1560 sunt
634 1495 784 1560 canonici
812 1495 855 1558 de
882 1494 1098 1578 cantebrigia
1126 1495 1296 1577 usquead
1326 1493 1446 1557 Berne-

339 1597 442 1662 welle.
487 1597 584 1682 Obijt
610 1609 722 1664 autern
753 1599 920 1664 Henricus
947 1599 1024 1664 Rex
1048 1599 1155 1664 bonus
1179 1600 1211 1662 in
1237 1598 1445 1664 Normannia

264 1708 282 1758 s·
299 1723 327 1774 19
340 1723 428 1767 anno
459 1703 552 1786 regni
588 1703 639 1768 sui
669 1703 801 1786 xxxvj.
831 1712 865 1768 et
895 1702 1043 1768 delatum
1075 1712 1126 1768 est
1156 1723 1275 1786 corpus
1306 1703 1375 1766 eius
1411 1701 1443 1765 in

339 1806 502 1891 Angliam
518 1817 553 1872 et
568 1808 735 1892 sepultum
753 1818 804 1873 est
819 1809 910 1891 apud
928 1807 1136 1890 Radingam¹
1149 1828 1252 1891 quam
1269 1807 1431 1872 fundauit.

671 1995 720 2060 33.
766 1980 817 2044 De
838 1979 928 2063 Rege
948 1977 1119 2062 stapham.

176 2127 211 2220 gf
219 2128 287 2221 ¹³1¹,ss
407 2108 598 2191 Stephanus
622 2110 700 2173 Rex
723 2109 882 2174 successit
904 2109 943 2188 ei,
967 2107 1053 2172 filius
1075 2109 1201 2173 scilicet
1222 2108 1344 2173 sororis
1366 2108 1446 2172 eius.

176 2191 329 2282 reliceris
342 2213 453 2278 Huius
478 2213 581 2296 Regis
603 2212 683 2278 totis
707 2213 913 2297 temporibus
933 2234 1003 2297 pax
1024 2221 1075 2277 est
1095 2222 1264 2288 excecata,
1280 2211 1446 2276 discordia

176 2280 291 2382 siloa
341 2327 535 2401 propagata,
573 2318 702 2382 iusticia
739 2319 884 2397 omissa;
921 2317 1137 2401 simplicitate
1170 2319 1258 2382 enim
1296 2317 1445 2401 quadam

339 2422 411 2486 sine
426 2422 578 2487 hastucia
594 2422 771 2487 fruebatur.
809 2423 910 2487 Vnde
921 2421 1051 2487 vlcione
1065 2422 1181 2486 diuina
1196 2423 1447 2487 insurrexerunt

339 2526 372 2590 in
398 2548 474 2592 eum
500 2547 559 2611 per
582 2536 689 2592 totam
714 2527 875 2611 Angliam
900 2547 966 2590 non
990 2524 1099 2590 solum
1123 2526 1236 2610 magni
1259 2527 1444 2591 sedeciam

339 2631 531 2710 mediocres,
546 2640 663 2697 contra
683 2653 760 2697 eum
781 2632 919 2697 castella
939 2629 1118 2696 firmantes.
1165 2631 1231 2695 Hic
1252 2651 1331 2696 uero
1354 2651 1443 2695 anno

339 2736 431 2819 regni
447 2738 497 2801 sui
513 2737 576 2820 .vj⁰.
593 2739 683 2822 apud
698 2736 839 2803 Lincoln
856 2747 974 2821 captus
987 2737 1020 2800 in
1033 2735 1130 2802 bello.
1160 2735 1195 2800 A
1211 2734 1444 2820 purificacione

337 2851 453 2906 sancte
475 2843 587 2918 marie,
603 2862 670 2926 qua
692 2843 747 2907 die
769 2852 888 2926 captus
911 2840 981 2919 luit,
1004 2840 1174 2925 usquead
1197 2841 1443 2906 exaltacionem

337 2954 452 3008 sancte
484 2945 598 3023 crucis,
632 2945 665 3009 in
698 2945 847 3011 Castello
878 2946 920 3008 de
952 2944 1100 3027 Brystoll
1126 2944 1365 3008 custodiendus
1396 2964 1445 3008 re-

337 3046 488 3112 cluditur.
547 3049 716 3113 Probitate
747 3068 827 3113 uero
860 3048 989 3130 Regine
1016 3046 1129 3111 vxoris
1159 3067 1217 3110 sue
1244 3046 1445 3130 procedente

337 3161 488 3235 tempore
515 3172 591 3216 curn
621 3153 770 3218 Henrico
797 3151 1014 3235 imperatricis
1041 3149 1110 3214 filio
1136 3151 1356 3216 concordatus
1386 3161 1445 3215 est

339 3257 558 3321 Postmodum
588 3258 665 3320 Rex
692 3255 913 3340 Wyntoniam
941 3255 1116 3332 comburit,
1144 3275 1204 3319 nec
1231 3263 1344 3318 tamen
1375 3275 1445 3318 cas-

337 3361 454 3425 tellum
491 3361 600 3444 capit:
639 3361 758 3425 iterum
789 3359 964 3425 castellum
996 3358 1181 3442 Wyntonie
1214 3358 1355 3436 obsidet,
1384 3359 1444 3423 sed

337 3461 465 3529 frustra
513 3465 598 3529 Cum
621 3474 736 3529 autem
763 3464 831 3529 fere
853 3465 934 3529 xix.
961 3484 1067 3528 annos
1095 3462 1260 3528 laboriose
1285 3462 1384 3528 nimis
1411 3473 1445 3528 et

337 3567 512 3633 infeliciter
537 3578 716 3653 regnasset,
740 3568 834 3652 obijt,
861 3571 955 3634 etin
982 3567 1123 3633 ecclesia
1153 3569 1196 3631 de
1228 3567 1443 3632 Fauerisham

337 3692 439 3756 quam
461 3675 531 3756 ipse
552 3673 752 3738 fundauerat
775 3675 872 3738 iuxta
889 3694 1029 3740 vxorern
1048 3693 1144 3738 suam
1165 3682 1199 3736 et
1220 3671 1325 3736 filium
1346 3693 1444 3737 suurn

337 3777 556 3842 Eustachium
580 3787 631 3844 est
654 3774 828 3862 sepultus(

512 3975 561 4040 34
606 3958 659 4022 De
680 3957 822 4022 Henrico
845 3958 932 4042 Rege
945 3957 1022 4042 filio
1046 3957 1268 4040 imperatricis.

172 4119 281 4212 orxrn5
403 4097 569 4161 Henricus
595 4096 672 4160 Rex
699 4094 786 4161 filius
810 4097 1027 4180 imperatricis
1052 4095 1210 4160 successit
1232 4096 1271 4159 ei.
1320 4093 1443 4160 Hicin

171 4172 264 4272 ll‘dii.
274 4172 323 4274 rl'5'4
335 4200 456 4265 throno
468 4202 561 4282 regni
574 4202 841 4285 splendidissime
852 4211 902 4265 est
912 4201 1103 4276 collocatus,
1113 4210 1147 4263 et
1157 4201 1191 4262 in
1201 4179 1443 4284 propagatione

171 4272 276 4373 fii0l¹³¹⁹
335 4305 436 4386 prolis
459 4303 668 4368 felicissimus
690 4306 868 4380 extitisset,
890 4305 917 4366 si
942 4313 1071 4387 patrem
1095 4323 1193 4366 suum
1217 4315 1251 4367 et
1274 4315 1442 4387 pastorem

383 4423 392 4455 ¹
411 4423 458 4474 See
471 4424 551 4490 Chap.
571 4441 606 4488 ¹5·
964 4423 974 4454 ²
992 4424 1120 4489 RedingiS,
1137 4423 1354 4488 MS.=Reading.
