3212 5064
331 393 397 444 102
556 371 596 444 A
626 371 736 446 claim
750 372 829 469 for
851 371 978 471 dowry
1003 374 1109 448 made
1134 375 1179 471 by
1313 369 1432 470 [uooK

45 573 48 580 ·
162 564 306 607 numeror
393 554 439 620 Et
466 556 558 620 Prior
586 557 679 620 uenit
706 565 739 620 et
765 555 847 620 dicit
874 557 965 639 quod
994 577 1059 619 non
1087 555 1188 621 debet
1215 556 1292 621 inde
1318 557 1433 621 dotem

160 613 293 658 mm*
326 658 457 735 habere,
480 659 559 742 quia
585 659 666 724 dicit
690 659 781 743 quod
805 660 973 743 predictus
997 659 1167 724 Galiridus
1190 662 1361 744 quondam
1385 660 1435 722 uir

327 764 431 847 ipsius
456 764 594 829 Mabilie
617 786 683 830 non
708 769 816 830 tenuit
839 765 930 829 illam
956 774 1077 830 terram
1103 766 1164 828 nisi
1188 766 1230 830 ad
1254 767 1432 830 terminum

327 871 396 934 uite
416 889 484 946 sue,
499 879 534 934 et
556 890 622 934 non
645 870 678 933 in
700 869 799 934 feodo
820 871 867 934 ita
887 881 924 936 ut
944 891 1019 934 eam
1036 869 1115 934 inde
1130 872 1247 934 dotare
1263 878 1385 954 posset,
1400 879 1435 934 et

328 972 453 1056 profert
475 975 648 1057 quoddam
670 975 917 1058 cyrographum
941 975 1026 1039 inter
1046 995 1103 1038 eos
1124 974 1324 1049 coniectum,
1344 975 1433 1057 quod

328 1084 470 1139 testatur
492 1077 582 1160 quod
607 1077 695 1140 idem
718 1076 887 1142 Galiridus
909 1078 1032 1159 recepit
1053 1098 1074 1140 a
1094 1078 1243 1160 predicto
1267 1079 1379 1142 Priore
1401 1086 1435 1141 et

328 1180 505 1245 Conuentu
533 1182 576 1245 de
604 1181 805 1246 Bernewelle
837 1183 1020 1266 predictam
1051 1191 1172 1245 terram
1203 1182 1383 1247 tenendam
1415 1203 1435 1246 a

329 1284 439 1349 Priore
466 1287 616 1369 predicto
643 1297 677 1351 et
704 1286 881 1351 Conuentu
910 1289 952 1350 ad
984 1287 1163 1350 terminum
1195 1289 1263 1351 uite
1293 1309 1361 1364 sue,
1389 1287 1435 1350 ita

328 1388 418 1470 quod
440 1397 516 1472 post
538 1399 678 1453 mortem
701 1391 803 1474 ipsius
825 1389 966 1454 Galiridi
989 1399 1060 1454 tota
1081 1401 1169 1454 terra
1189 1389 1338 1472 predicta
1359 1408 1435 1451 cum

329 1491 542 1576 pertinencijs
568 1493 669 1558 debet
696 1496 814 1558 reuerti
840 1492 882 1557 ad
910 1493 1077 1577 predictos
1106 1494 1253 1558 Priorem
1283 1501 1317 1557 et
1348 1492 1436 1558 Con-

330 1608 467 1661 uentum
490 1599 604 1681 quieta
630 1599 663 1662 in
689 1611 907 1682 perpetuum;
938 1609 972 1663 et
999 1599 1128 1663 dehoc
1151 1600 1247 1683 ponit
1275 1619 1311 1662 se
1338 1618 1437 1681 super

329 1701 480 1783 patriam.

252 1809 269 1859 s·
285 1823 314 1873 37
396 1805 441 1868 Et
462 1805 613 1888 predicta
635 1806 775 1871 Mabilia
795 1807 877 1870 dicit
898 1809 988 1890 quod
1009 1817 1102 1870 carta
1124 1807 1180 1871 illa
1201 1827 1267 1871 non
1290 1807 1391 1871 debet
1405 1808 1436 1871 ei

166 1897 309 1992 ‘mm‘
330 1929 456 1986 nocere,
468 1912 547 1993 quia
563 1911 747 1995 dicitquod
763 1910 1115 2003 predictuslGaliridus
1128 1912 1236 1976 tenuit
1252 1910 1436 1995 predictam

168 2001 271 2042 ΗΜ*
329 2022 450 2076 terram
475 2016 507 2077 in
533 2014 639 2078 feodo,
688 2015 779 2078 Dicit
802 2015 890 2078 enirn
915 2015 1005 2098 quod
1027 2017 1177 2098 predicta
1198 2024 1285 2078 terra
1305 2015 1366 2079 suit
1387 2017 1437 2079 ius

329 2127 363 2179 et
388 2116 554 2181 hereditas
580 2119 753 2182 cuiusdam
781 2119 970 2200 Margarete
994 2121 1109 2183 matris
1133 2119 1272 2203 predicti
1297 2118 1437 2183 Galsridi

329 2221 501 2304 quondam
518 2222 578 2284 uiri
600 2223 659 2300 sui,
675 2232 708 2285 et
730 2221 806 2286 inde
828 2221 912 2304 obijt
927 2223 1052 2305 seysita
1069 2237 1105 2288 ut
1120 2224 1163 2288 de
1184 2223 1292 2300 feodo,
1308 2233 1341 2288 et
1361 2232 1438 2307 post

330 2334 472 2389 mortem
490 2325 592 2408 ipsius
614 2326 805 2407 Margarete
826 2327 999 2390 descendit
1016 2328 1065 2391 ius
1081 2337 1168 2392 terre
1184 2327 1272 2390 illius
1288 2328 1439 2411 predicto

331 2429 484 2494 Galsrido
507 2429 677 2512 quondam
702 2431 773 2493 uiro
798 2431 901 2514 ipsius
926 2430 1065 2495 Mabilie
1087 2433 1143 2514 qui
1167 2429 1318 2515 terra[m]
1346 2432 1436 2495 iilam

331 2536 438 2599 tenuit
454 2535 487 2598 in
504 2534 603 2600 feodo
618 2537 673 2600 die
688 2555 755 2618 quo
772 2557 846 2600 earn
863 2537 1088 2620 desponsant,
1101 2539 1147 2600 ita
1162 2538 1252 2620 quod
1269 2557 1343 2602 eam
1360 2537 1438 2601 iude

331 2639 448 2704 dotare
468 2649 600 2724 posset;
624 2649 658 2704 et
678 2641 721 2704 de
741 2641 804 2704 hoc
826 2642 922 2722 ponit
937 2659 973 2704 se
989 2659 1089 2724 super
1104 2643 1255 2723 patriam,
1301 2639 1346 2704 Et
1363 2641 1438 2704 ideo

332 2753 525 2828 preceptum
541 2755 593 2808 est
609 2745 675 2809 tale
691 2745 807 2809 breue:

595 2987 621 3054 ς.
666 2973 770 3038 Breue
793 2974 881 3057 regit
903 2975 942 3038 de
966 2973 1181 3057 inquisitione.

169 3154 247 3197 order
255 3153 280 3196 „f
388 3121 552 3196 H[enricus]
572 3124 618 3180 dei
638 3125 733 3194 gracia
756 3134 807 3178 etc.
827 3125 986 3179 vicecomiti
1006 3125 1187 3194 Cantebrigie
1208 3127 1335 3180 salutem.
1375 3128 1439 3182 Pre-

168 3204 320 3297 ffiggfflffi
334 3213 454 3284 cipimus
473 3213 523 3268 tibi
542 3212 619 3284 quod
638 3230 733 3268 coram
756 3225 783 3268 te
802 3224 830 3268 et
849 3231 944 3269 coram
964 3215 1127 3268 custodibus
1147 3213 1312 3284 placitorum
1335 3231 1439 3269 corone

169 3310 319 3395 tonummeiu
334 3313 429 3357 nostre
451 3303 479 3357 in
501 3305 586 3374 pleno
604 3301 739 3357 comitatu
763 3303 859 3358 uenire
880 3303 968 3358 facias
987 3303 1040 3358 ,xii
1061 3315 1120 3358 tam
1141 3305 1245 3359 milites
1263 3321 1349 3375 quarn
1369 3303 1440 3358 alios

169 3355 292 3458 idh‘ie‘*
333 3389 437 3446 liberos
454 3391 584 3446 homines
603 3402 630 3445 et
650 3389 754 3459 legales
773 3391 809 3446 de
828 3390 953 3446 uisneto¹
971 3391 1008 3446 de
1030 3390 1222 3460 Maddingele‚
1241 3407 1291 3462 per
1309 3407 1381 3462 quos
1400 3391 1440 3445 rei

170 3454 273 3548 iffi*
333 3481 438 3535 ueritas
459 3481 559 3534 melius
581 3479 647 3534 sciri
669 3480 779 3549 poterit,
800 3489 828 3533 et
849 3478 898 3550 qui
924 3495 976 3533 nec
998 3478 1119 3549 priorem
1141 3477 1177 3531 de
1200 3477 1371 3533 Bemeweile
1394 3478 1440 3532 uei

336 3569 484 3623 Mabiliam
498 3585 553 3640 que
565 3568 617 3622 iuit
629 3586 698 3623 vxor
710 3567 829 3623 Gatsridi
843 3569 878 3622 de
893 3569 997 3622 Howes
1010 3567 1104 3636 aliqua
1116 3565 1253 3620 affinitate
1266 3564 1440 3634 contingant,

334 3668 361 3712 et
383 3673 433 3728 per
452 3673 550 3711 eorum
569 3668 776 3712 sacramentum
796 3655 945 3724 diligenter
963 3655 1087 3725 inquiras
1106 3655 1129 3709 si
1148 3671 1235 3708 unum
1255 3655 1441 3724 mesuagium,

335 3744 434 3814 uiginti
454 3762 518 3799 acre
537 3755 618 3813 terre,
636 3756 664 3799 et
683 3744 738 3798 due
756 3761 821 3799 acre
840 3743 911 3814 prati
932 3754 960 3798 et
982 3741 1107 3810 dimidia,
1126 3759 1191 3796 cum
1213 3741 1392 3812 pertinenciis
1411 3741 1440 3796 in

337 3832 520 3903 Maddingele
533 3830 634 3887 suerint
644 3833 690 3901 jus
704 3843 731 3886 et
744 3831 885 3887 hereditas
905 3832 1064 3899 Margarete
1078 3831 1175 3883 matris
1188 3828 1306 3899 predicti
1320 3829 1441 3884 Gaiiridi

335 3918 371 3974 de
391 3921 494 3974 Howes
511 3930 539 3973 et
557 3919 622 3975 inde
639 3919 708 3989 obijt
726 3919 831 3987 seysita
848 3930 878 3972 ut
895 3919 931 3973 de
949 3917 1049 3983 seodo;
1069 3928 1096 3971 et
1113 3918 1136 3970 si
1150 3917 1276 3987 predicta
1290 3927 1363 3972 terra
1376 3928 1441 3987 post

335 4019 454 4062 mortem
473 4006 561 4078 ipsius
582 4009 742 4077 Margarete
762 4005 938 4062 descenderit
955 4006 1082 4077 predicto
1100 4004 1229 4060 Galirido
1246 4007 1305 4059 iure
1321 4016 1349 4060 et
1362 4007 1440 4061 here·

335 4096 432 4162 ditate,
446 4095 485 4151 ita
497 4095 574 4165 quod
587 4095 675 4151 tenuit
693 4105 795 4150 terram
813 4093 890 4148 iilam
906 4095 934 4149 in
947 4093 1031 4149 feodo
1043 4094 1090 4149 die
1102 4110 1159 4164 quo
1171 4109 1235 4148 earn
1247 4093 1441 4164 desponsauit,

336 4185 407 4239 sicut
431 4183 558 4255 predicta
584 4183 703 4238 Mabilia
727 4183 803 4251 dicit,
823 4183 868 4238 uei
893 4183 917 4236 si
941 4181 1034 4236 dictus
1060 4181 1211 4250 Galsridus,
1234 4182 1378 4253 quondam
1398 4183 1442 4236 uir

336 4273 423 4344 ipsius
447 4271 573 4338 Mabilie,
592 4287 649 4326 non
672 4272 760 4327 tenuit
779 4271 857 4326 illam
877 4281 980 4325 terram
999 4270 1053 4324 nisi
1072 4269 1109 4324 ad
1131 4269 1283 4325 terminum
1304 4269 1362 4325 uite
1382 4286 1441 4338 sue,

791 4423 800 4454 ¹
818 4425 923 4482 insueto,
942 4423 998 4475 MS.
