3192 5102
172 401 273 454 soor<
300 379 372 480 vn]
499 380 641 456 Parislz
667 380 714 477 qs
733 378 773 454 S.
805 378 970 454 Clamant
1205 381 1275 472 283

170 565 267 631 iuxta
282 567 421 632 viridem
442 567 530 632 viam
547 589 660 633 versus
684 587 822 633 moram.
869 566 915 632 Et
935 587 1002 631 vna
1023 587 1101 632 acra
1123 566 1210 632 iacet
1233 566 1276 631 ad

171 669 295 756 Thorp.

236 776 387 842 Thomas
409 779 452 843 de
477 778 646 861 lmpitone
672 785 768 842 tenet
790 796 892 840 vnam
919 775 1103 860 schoppam
1126 796 1193 859 que
1216 774 1278 840 suit

169 882 336 965 Johannis
359 883 458 948 Audi
482 884 516 947 in
544 881 615 946 soro
639 882 869 965 Cantebrigie¹
893 881 949 946 vbi
976 882 1128 946 vendunt
1154 879 1276 946 lineam

170 985 283 1066 telam,
301 988 402 1070 juxta
426 988 633 1072 mesuagium
657 987 781 1080 Rogeri
803 986 834 1052 le
851 987 992 1062 Turnur,
1010 995 1045 1052 et
1068 985 1178 1050 reddit
1199 985 1278 1049 inde

171 1111 370 1174 perannum
387 1091 493 1175 .viij.d.

237 1196 391 1280 Rogerus
411 1194 498 1260 filius
521 1197 661 1260 Abrahe
677 1195 707 1260 le
724 1194 890 1279 Chapeler
912 1204 1005 1259 tenet
1020 1214 1123 1259 vnum
1149 1215 1277 1258 mesua-

170 1300 262 1382 gium
282 1301 316 1364 in
332 1299 490 1383 parochia
506 1299 621 1366 Sancti
644 1300 732 1364 Petri
757 1300 854 1364 iuxta
873 1299 1082 1381 mesuagium
1099 1297 1278 1364 Custancie

170 1403 214 1468 de
231 1404 438 1469 Huntedone
453 1415 488 1469 et
504 1404 613 1470 reddit
629 1405 708 1469 inde
723 1424 924 1489 perannum
940 1403 1007 1486 .ij.s.

236 1509 416 1574 Custancia
445 1510 487 1573 de
516 1509 722 1573 Huntedone
752 1518 845 1574 tenet
871 1528 974 1572 vnum
1006 1507 1214 1590 mesuagium
1242 1508 1275 1570 in

169 1614 288 1678 eadem
319 1612 476 1697 parochia
502 1634 607 1698 prope
637 1614 811 1682 ecclesiam
843 1612 960 1680 Sancti
989 1612 1077 1677 Petri
1104 1619 1138 1677 et
1168 1611 1278 1676 reddit

170 1717 265 1800 .vij.d.
288 1717 331 1781 ad
357 1718 493 1783 Pascha.

235 1821 451 1886 Normannus
470 1821 501 1885 le
517 1821 628 1888 Cuuer
641 1830 734 1886 tenet
749 1842 853 1886 vnum
873 1820 1091 1904 mesuagium,
1106 1818 1198 1902 quod
1215 1816 1277 1883 fuit

171 1923 307 2008 Longis,
322 1945 367 1989 ex
389 1925 547 2009 opposito
568 1925 709 1989 ecclesie
729 1923 893 1990 Omnium
910 1924 1111 1990 Sanctorum
1131 1921 1174 1986 ad
1196 1921 1276 1986 Cas-

169 2037 267 2104 trum,
279 2029 375 2093 iuxta
391 2029 565 2113 grangiam
579 2028 753 2094 Michaelis
766 2026 872 2111 Pylet,
885 2038 920 2092 et
931 2029 1015 2092 duas
1031 2047 1124 2090 acras
1140 2036 1226 2090 terre
1242 2026 1275 2090 in
1289 2041 1307 2092 f.
1323 2042 1395 2094 1601>

169 2135 296 2218 eampis
316 2133 538 2216 Cantebrigie‚
555 2136 643 2199 vnde
658 2155 725 2198 vna
746 2154 822 2198 acra
838 2135 924 2198 iacet
943 2133 1039 2197 iuxta
1054 2131 1143 2196 viam
1160 2131 1275 2197 Sancti

171 2238 271 2303 Neoti
287 2239 384 2303 iuxta
399 2249 521 2303 terram
537 2239 725 2323 Hospitalis
742 2238 858 2305 Sancti
873 2235 1058 2320 Johannis;
1075 2246 1109 2300 et
1120 2256 1186 2301 vna
1200 2257 1277 2300 acra

169 2343 255 2407 iacet
268 2363 382 2407 versus
399 2343 579 2407 Neunham
595 2343 693 2408 iuxta
708 2351 831 2406 terram
846 2341 1011 2425 Johannis
1023 2339 1066 2405 de
1083 2340 1276 2424 Eylesham,

168 2460 202 2515 et
218 2449 327 2515 reddit
344 2469 542 2534 perannum
560 2448 648 2531 ,vij.s.

235 2556 387 2639 Rogerus
417 2554 532 2639 Ampe
560 2563 654 2619 tenet
680 2574 782 2620 vnum
814 2552 1022 2636 mesuagium
1054 2553 1087 2616 in
1118 2552 1276 2634 parochia

168 2658 284 2724 Sancti
302 2657 413 2741 Egidij
432 2658 528 2723 iuxta
544 2659 753 2740 mesuagium
768 2657 906 2722 Roberti
919 2658 1105 2740 Wymund,
1116 2667 1150 2721 et
1166 2658 1275 2722 reddit

168 2762 260 2845 ‚xijs
291 2773 325 2827 et
355 2763 384 2844 .j.
415 2762 532 2827 libram
564 2762 698 2845 ciminij.
747 2762 841 2827 Idem
871 2763 1024 2845 Rogerus
1050 2771 1143 2827 tenet
1173 2781 1273 2825 vnam

167 2867 318 2951 placeam
334 2889 474 2932 vacuam
497 2869 538 2932 ad
561 2868 670 2951 capud
687 2866 765 2931 ville
780 2888 895 2931 versus
916 2867 947 2931 le
965 2867 1100 2944 Howes,
1115 2875 1149 2930 et
1165 2864 1275 2930 reddit

167 2990 366 3054 perannum
386 2969 452 3053 .ij.s.

231 3074 403 3158 Johannes
430 3073 460 3136 le
486 3073 557 3156 Eyr
584 3082 676 3137 tenet
698 3093 801 3136 vnum
826 3073 1035 3155 mesuagium
1058 3073 1091 3135 in
1116 3073 1275 3156 parochia

168 3178 282 3244 Sancti
308 3178 420 3262 Egidij
446 3178 542 3241 iuxta
564 3198 696 3261 aquam,
720 3187 753 3242 et
776 3177 887 3243 reddit
909 3197 1116 3261 perannum
1140 3177 1219 3241 ‚ix.s.

232 3283 422 3348 Willelmus
445 3281 531 3347 filius
555 3281 695 3346 Roberti
719 3281 843 3348 Seman
861 3301 922 3366 pro
945 3281 1052 3346 ianuis
1074 3281 1142 3344 suis
1164 3281 1273 3346 reddit

166 3406 372 3472 perannum
396 3385 478 3468 ‚vj.d.
503 3387 546 3450 ad
572 3383 707 3450 Pascha

231 3491 381 3556 Thomas
410 3489 515 3554 Nikat
542 3499 634 3554 tenet
659 3511 760 3554 vnam
783 3490 923 3554 domum
946 3490 1044 3554 iuxta
1068 3499 1216 3574 pontem,
1239 3500 1272 3556 et

166 3595 275 3660 reddit
298 3613 505 3679 perannum
529 3592 608 3677 ‚iijs
632 3591 715 3676 .vj.d.

872 3680 1029 3764 [Summa
1044 3679 1147 3763 ndiij!
1161 3678 1272 3765 viijsr]

426 3939 454 3986 2.
498 3919 667 3984 Parockia
691 3919 809 3984 Sancti
832 3919 1012 3986 clementis.

230 4059 420 4123 Willelmus
435 4059 477 4123 de
495 4057 625 4122 Hulmo
640 4065 733 4121 tenet
747 4076 847 4120 vnam
860 4055 998 4119 domum
1015 4054 1181 4139 lapideam
1194 4077 1270 4122 cum

165 4164 311 4247 quadam
327 4162 444 4246 placeo
467 4172 552 4226 terre
576 4170 664 4225 retro
685 4158 894 4242 mesuagium
917 4179 1014 4224 suum
1039 4159 1135 4224 iuxta
1156 4161 1271 4242 ripam,

213 4413 222 4446 ¹
240 4415 332 4464 Added
344 4413 370 4463 in
381 4413 487 4464 another
499 4413 584 4463 hande
603 4413 633 4462 ln
646 4412 765 4477 parochie
777 4413 869 4463 Sancte
882 4410 969 4460 Maria

211 4495 222 4526 ²
239 4496 301 4547 This
317 4497 368 4547 and
384 4499 535 4562 subsequeut
552 4495 627 4547 totels
642 4512 686 4546 are
700 4496 784 4546 added
799 4496 825 4545 in
840 4511 856 4544 a
871 4494 921 4544 late
937 4493 1013 4554 hand,
1026 4495 1077 4543 and
1092 4509 1135 4544 are
1148 4493 1271 4546 therefore

164 4579 280 4632 included
291 4580 317 4630 in
328 4595 418 4646 square
429 4579 554 4630 brackets.
