3188 5078
354 402 426 490 306
704 397 742 469 Τ
736 405 868 470 enanis
894 393 934 468 in
961 394 1109 468 Barton
1345 390 1458 489 [uoox
1544 410 1560 494 ’ᾗ

421 584 506 648 Item
537 582 713 648 heredibus
750 583 915 667 Johannis
944 582 1065 646 Russel
1096 583 1138 646 ad
1172 581 1296 646 Natale
1327 579 1462 643 Domini
1559 625 1560 632 κ

353 687 383 770 .j.
398 687 571 752 denarium
577 693 594 752 ¹.

419 790 564 873 Johanni
580 789 649 855 filio
664 789 822 856 Gilemini
838 789 880 872 .ij.
896 788 1058 853 denarios.

422 903 507 966 Item
538 902 708 968 willelmo
738 902 770 966 le
800 902 890 967 Lord
922 902 964 966 ad
995 901 1171 964 seruicium
1201 899 1331 964 domini
1365 897 1462 978 Regis

355 1006 395 1090 .ij.
418 1006 581 1072 denarios.

422 1113 508 1177 Item
533 1111 675 1196 Symoni
698 1113 742 1177 de
765 1111 836 1175 Len
860 1130 922 1193 pro
943 1120 1031 1174 terra
1053 1109 1216 1193 Johannis
1239 1107 1271 1172 le
1291 1105 1394 1174 Child
1410 1125 1465 1188 per

356 1235 481 1280 annum
506 1216 549 1280 ad
574 1215 704 1290 Pascha
724 1215 870 1279 obolum.

661 1319 804 1385 Summa
818 1341 857 1383 .v.
873 1317 956 1385 libre
970 1317 1061 1399 xvij.
1077 1317 1175 1381 solidi
1191 1315 1253 1400 xij.
1269 1314 1399 1380 denarii
1416 1313 1464 1376 oh

424 1423 619 1490 Memoriter
639 1425 849 1490 retinendum
871 1425 961 1508 quod
984 1424 1078 1488 Prior
1097 1423 1140 1486 de
1156 1421 1362 1486 Bemewelle
1376 1428 1465 1484 tenet

356 1537 391 1595 et
405 1527 556 1594 defendit
572 1527 706 1594 feodum
719 1529 815 1593 vnius
828 1527 942 1592 militis
955 1529 988 1591 in
1000 1526 1079 1591 villa
1093 1526 1137 1590 de
1149 1525 1295 1589 Bertone
1310 1527 1355 1590 de
1370 1524 1466 1590 feodo

357 1632 529 1718 quondam
550 1633 679 1698 domini
701 1632 889 1697 Alexandri
912 1631 956 1696 de
977 1631 1165 1707 Andeuille,
1180 1629 1278 1706 vnde,
1294 1629 1466 1712 quociens

357 1758 501 1821 cumque
531 1739 717 1822 scutagium
745 1738 847 1803 currit
875 1737 1075 1821 generaliter
1105 1735 1197 1799 Prior
1221 1735 1405 1818 respondet
1429 1733 1468 1796 de
1547 1762 1553 1779 ·

358 1842 509 1926 scutagio
525 1862 585 1925 pro
596 1863 663 1906 vno
675 1841 774 1907 feodo
786 1841 962 1906 heredibus
977 1841 1117 1924 predicti
1129 1839 1257 1904 domini
1269 1839 1469 1904 Alexandri.

361 1945 507 2030 Quando
537 1947 638 2029 igitur
666 1947 854 2030 scutagium
884 1945 1037 2010 currebat
1066 1947 1110 2008 ad
1140 1944 1194 2009 .xl.
1225 1943 1353 2008 solidos
1381 1944 1470 2008 Prior

243 2056 260 2108 l.
278 2045 506 2130 r7rbreddidit
527 2067 585 2130 per
606 2067 742 2112 manum
759 2066 853 2110 suam
869 2045 923 2110 .xl.
940 2043 1066 2109 solidos
1083 2043 1261 2108 heredibus
1276 2045 1470 2126 prenotatis

362 2151 420 2216 sed
452 2169 608 2234 magnam
639 2162 768 2235 partem
800 2150 878 2216 inde
904 2150 1029 2215 leuauit
1052 2151 1095 2214 de
1120 2150 1314 2214 tenentibus
1344 2153 1415 2214 suis
1440 2151 1470 2213 in

361 2253 478 2320 eadem
502 2254 581 2319 villa
603 2255 646 2320 de
669 2256 815 2322 Bertone
837 2275 978 2339 quorum
1002 2255 1139 2320 nomina
1169 2255 1360 2338 subscripta
1388 2265 1471 2328 sunt,

361 2357 516 2423 videlicet
527 2382 534 2422 :

539 2523 585 2578 De
599 2522 723 2593 Hugone
737 2522 867 2592 Fleming
1055 2522 1091 2592 .ij.
1105 2521 1220 2577 solidos.

537 2611 583 2665 De
595 2619 758 2667 tenemento
770 2611 908 2682 Johannis
920 2611 947 2666 le
960 2611 1044 2666 Child
1057 2610 1142 2680 .iiiju

541 2700 587 2755 De
602 2701 764 2769 Margareta
775 2700 802 2754 le
816 2701 932 2755 Cartere
1058 2699 1092 2771 .ij.
1108 2698 1222 2754 solidos.

539 2789 585 2845 De
597 2789 710 2858 Agneta
722 2788 748 2843 le
760 2789 878 2844 Tannur
1054 2787 1092 2859 .ij.
1105 2785 1244 2842 denarios.

540 2877 586 2932 De
598 2877 730 2932 Ysabella
743 2878 779 2931 de
791 2877 892 2932 Thane
1058 2875 1123 2946 niij.
1136 2876 1276 2932 denarios.

540 2966 586 3020 De
600 2963 722 3019 Ricardo
737 2964 894 3018 Passeuant
1054 2963 1110 3034 .iiij.
1124 2963 1263 3018 denarios.

540 3054 586 3107 De
600 3053 726 3108 Roberto
738 3052 921 3121 Torcheneys
1053 3053 1079 3122 .j.
1094 3051 1240 3108 denarium
1254 3053 1300 3106 oh

540 3142 587 3196 De
598 3141 729 3211 Johanne
744 3139 865 3194 Lambiu
1054 3141 1089 3208 .ij.
1104 3139 1244 3194 denarios,

542 3229 587 3283 De
600 3229 714 3298 Rogero
727 3230 882 3298 Attegrene
1052 3227 1079 3298 .j.
1092 3227 1246 3282 denarium.

541 3317 587 3370 De
600 3315 742 3371 Eduardo
753 3314 780 3370 le
793 3316 908 3369 Cartere
1050 3315 1076 3384 .j.
1090 3314 1236 3371 denarium
1249 3315 1295 3370 ob.

542 3404 587 3458 De
598 3403 730 3473 Johanne
742 3402 778 3457 de
792 3402 925 3458 Gerunde
1049 3402 1085 3473 .ij.
1098 3401 1211 3457 solidos.

541 3493 587 3546 De
599 3492 712 3562 Agneta
722 3491 750 3546 le
762 3491 868 3560 Taylur
1049 3509 1083 3545 .v.
1097 3489 1209 3545 solidos

542 3581 587 3636 De
600 3579 744 3636 Willelmo
756 3579 842 3636 Weld
1046 3579 1129 3651 .xviij.
1141 3577 1281 3634 denarios

543 3672 589 3726 De
603 3669 726 3725 Ricardo
740 3669 897 3724 Passeuant
1045 3668 1090 3723 .ix.
1103 3667 1242 3723 denarios.

544 3759 589 3814 De
604 3757 723 3813 Mabilia
735 3758 771 3813 de
784 3758 925 3829 Wynepol
1044 3797 1050 3810 .

543 3848 589 3902 De
601 3845 731 3918 Johanne
743 3845 893 3901 Aurifabro

543 3937 590 3990 De
603 3935 745 4006 Margeria
757 3937 794 3991 de
808 3934 943 3991 Lincolne
1041 3935 1094 4006 ,xij.
1108 3933 1247 3990 denarios.

543 4024 590 4077 De
602 4022 715 4078 Thoma
727 4023 754 4079 le
768 4023 874 4078 Bretun
1038 4023 1100 4094 xxj.
1114 4021 1254 4076 denarios.

545 4112 590 4168 De
602 4110 714 4165 Thoma
728 4109 874 4166 Hodierue
1038 4109 1085 4181 .iij.
1098 4109 1236 4164 denarios

1032 4249 1039 4266 ·
1115 4215 1255 4281 Summa
1273 4218 1355 4282 .xix.
1374 4220 1478 4285 solidi.

768 4387 777 4420 ¹
795 4391 888 4440 Scored
901 4389 1015 4454 through.
