3188 5078
323 402 397 472 3¹0
599 381 759 456 Tmonts
785 383 825 456 in
852 383 942 480 Dry
967 383 1142 481 Drayton
1311 383 1435 483 [uuor

388 563 554 648 Margeria
579 564 647 630 filia
670 563 772 631 Alani
796 565 827 630 le
850 566 1001 632 Gaunter
1026 569 1070 632 de
1097 569 1222 632 Howes
1247 579 1341 633 tenet
1366 581 1435 633 tres

322 669 477 733 dimidias
498 691 591 735 acras
611 679 696 735 terre
717 691 793 736 cum
810 692 877 736 vno
898 673 1079 756 mesuagio,
1094 683 1129 736 et
1144 673 1254 738 reddit
1274 673 1355 738 inde
1376 695 1436 757 per

323 793 448 837 annum
464 796 533 839 .xx.
548 776 704 840 denarios
719 786 754 840 et
769 776 798 858 .j.
814 797 986 860 caponem.

391 879 556 944 Henricus
585 879 788 965 Capelianus
817 879 905 946 filius
936 881 1065 947 Warini
1094 892 1189 948 tenet
1222 885 1308 948 duas
1337 904 1435 947 acras

323 993 408 1048 terre
424 995 457 1048 et
472 986 656 1064 dimidiam,
672 998 705 1050 et
721 987 830 1052 reddit
846 988 925 1052 inde
940 1009 1000 1072 per
1013 1009 1139 1053 annum
1155 988 1229 1071 .viij.
1245 989 1409 1054 denarios.

390 1089 556 1155 Robertus
578 1091 677 1173 Ryhe
692 1091 735 1156 de
753 1092 878 1157 Howes
899 1104 992 1158 tenet
1007 1093 1048 1175 ij.
1064 1114 1158 1158 acras
1179 1104 1264 1157 terre
1284 1102 1318 1156 et
1332 1091 1434 1156 dimi-

322 1193 423 1270 diam,
438 1204 472 1258 et
488 1195 597 1259 reddit
619 1217 678 1279 per
697 1217 822 1261 annum
840 1197 890 1279 .vj.
906 1197 1061 1262 denarios
1076 1207 1110 1262 et
1125 1197 1211 1262 duos
1226 1217 1373 1280 capones
1387 1195 1433 1258 ad

325 1298 447 1363 Natale
463 1299 610 1368 Domini.

390 1402 500 1468 Alicia
528 1405 572 1468 de
600 1405 704 1471 Cotes
733 1427 819 1470 vxor
849 1405 1011 1471 Wilielmi
1041 1405 1085 1471 de
1117 1407 1295 1490 Leycestre
1330 1405 1433 1472 habet

322 1509 526 1574 escambium
554 1512 598 1576 de
623 1521 711 1576 terra
736 1512 857 1576 Prioris
884 1533 945 1596 pro
971 1522 1058 1577 terra
1084 1533 1153 1587 sua,
1177 1523 1211 1576 et
1238 1511 1347 1575 reddit
1374 1532 1434 1593 per

323 1632 448 1677 annum
470 1614 552 1678 .xix.
575 1613 737 1692 denarios,
758 1615 904 1693 obolum,
927 1625 961 1680 et
983 1615 1213 1699 quadrantem.

389 1715 518 1781 Eadem
543 1717 653 1782 Alicia
679 1719 788 1783 reddit
815 1739 876 1802 pro
903 1719 1075 1803 mesuagio
1101 1741 1163 1784 suo
1190 1719 1223 1783 in
1247 1719 1350 1785 Cotes
1374 1740 1433 1802 per

323 1841 446 1886 annum
464 1829 607 1904 quatuor
621 1821 785 1887 denarios.
832 1823 967 1906 Inquir'.

390 1924 476 1990 Item
492 1925 535 1990 de
551 1925 650 1990 feodo
664 1926 828 2009 Johannis
843 1926 887 1991 de
903 1925 1075 1992 Litlebure
1089 1927 1181 2010 quod
1197 1937 1248 1992 est
1265 1927 1394 1990 Prioris

299 2059 308 2078 ·
389 2028 556 2092 Walterus
587 2029 794 2094 Carectarius
824 2039 859 2094 et
885 2031 1035 2096 Thomas
1065 2031 1108 2096 de
1138 2032 1265 2098 Sancto
1295 2031 1432 2096 Albano

323 2141 439 2197 tenent
449 2153 551 2196 vnum
568 2132 728 2211 clausum,
740 2144 774 2198 et
789 2133 934 2198 reddunt
946 2156 1005 2218 per
1019 2156 1146 2201 annum
1156 2135 1257 2218 ,xviii
1267 2135 1431 2200 denarios

388 2237 577 2302 Willeimus
600 2239 767 2304 Harscent
787 2249 881 2305 tenet
898 2261 1001 2305 vnum
1017 2241 1176 2318 clausum,
1192 2250 1227 2306 et
1248 2241 1356 2306 reddit
1373 2261 1433 2324 per

323 2358 449 2403 annum
464 2339 505 2422 ij.
517 2339 651 2405 solidos.

390 2442 557 2508 Robertus
587 2443 707 2508 Heued
738 2454 830 2510 tenet
857 2467 960 2511 vnum
987 2447 1147 2523 clausum,
1175 2457 1209 2512 et
1236 2447 1346 2512 reddit
1372 2467 1431 2531 per

323 2567 448 2614 anuum
472 2548 538 2631 .xij.
562 2549 725 2614 denarios.
945 2551 1087 2618 Summa
1101 2553 1153 2634 .vj.
1169 2551 1251 2618 libre
1265 2552 1308 2636 ij.
1324 2552 1430 2616 solidi

963 2656 1104 2723 Summa
1119 2677 1286 2742 caponum
1303 2657 1431 2739 xxviij.

390 2757 525 2824 Solucio
555 2759 704 2824 redditus
735 2760 778 2824 de
805 2761 1003 2846 Maddingle
1030 2765 1177 2828 Domine
1203 2763 1246 2828 de
1273 2762 1352 2827 Ade
1378 2763 1431 2844 iij.

323 2864 448 2928 solidos
476 2885 534 2948 per
560 2885 693 2930 armum.
746 2866 830 2930 Item
858 2867 967 2931 eidem
995 2889 1055 2951 pro
1081 2867 1111 2950 .j.
1138 2868 1221 2931 libra
1247 2868 1360 2932 cimini
1388 2868 1430 2930 ad

323 2967 453 3050 pascha.
502 2969 587 3033 item
612 2967 771 3034 Abatisse
793 2972 836 3035 de
859 2970 1012 3036 Chaterh’
1035 2971 1150 3054 .xij.d.¹

514 3233 562 3298 25.
607 3217 729 3301 [Dreye
751 3217 918 3298 Draytone
938 3217 1029 3300 (Dry
1051 3215 1239 3301 Drayton).]

391 3367 451 3431 Isti
472 3376 550 3430 sunt
571 3365 674 3429 libere
696 3373 848 3428 tenentes
870 3363 991 3428 Prioris
1011 3363 1055 3429 de
1076 3364 1279 3431 Bemeweile
1300 3335 1432 3433 invilla

324 3479 367 3542 de
383 3477 496 3561 Dreye
511 3478 693 3560 draytone:

390 3599 580 3664 Wiiielmus
595 3599 732 3664 clericus
748 3599 791 3662 de
808 3597 982 3662 Hokitone
997 3607 1091 3662 tenet
1101 3618 1204 3663 vnum
1221 3602 1431 3684 mesuagium

324 3725 402 3768 cum
432 3702 538 3770 crusta
566 3703 749 3780 adiacente,
776 3711 811 3766 et
837 3723 900 3766 .xv.
931 3721 1024 3766 acras
1055 3711 1149 3780 terre,
1176 3711 1210 3766 et
1236 3704 1347 3768 reddit
1374 3728 1434 3790 per

324 3829 449 3874 annum
477 3809 517 3894 .ij.
545 3809 669 3873 solidos
696 3806 747 3890 .vj.
774 3807 938 3884 denarios
963 3808 1007 3871 ad
1035 3807 1120 3871 duos
1147 3809 1226 3872 anni
1253 3809 1434 3875 terminos:

324 3915 450 3980 scilicet
480 3913 523 3978 ad
555 3913 692 3989 Pascha,
721 3922 756 3977 et
784 3911 828 3976 ad
860 3910 981 3976 sestum
1013 3911 1128 3978 Sancti
1161 3912 1345 3992 Michaelis,
1372 3939 1435 4000 pro

325 4018 481 4083 omnibus
504 4014 660 4099 seruicijs.

389 4123 560 4204 Johannes
579 4121 610 4185 le
630 4121 755 4185 Warde
776 4130 869 4185 tenet
889 4121 944 4203 iij.
964 4141 1058 4184 acras
1081 4129 1167 4186 terre
1189 4131 1224 4185 et
1246 4123 1436 4204 dimidiam,

325 4237 358 4294 et
379 4228 488 4293 reddit
507 4226 586 4291 inde
605 4247 665 4310 per
685 4246 809 4291 annum
826 4227 868 4291 ad
885 4227 994 4291 dictos
1009 4228 1170 4297 terminos
1186 4227 1260 4311 .viij.
1277 4230 1436 4297 denarios

325 4354 385 4417 pro
400 4333 556 4397 omnibus
571 4331 727 4413 seruicijs.

711 4452 719 4484 ¹
737 4454 829 4504 Added
842 4455 867 4502 in
880 4453 922 4504 the
935 4455 1040 4519 margin.
