3222 5086
349 352 418 421 128
634 351 807 424 Eleclion
833 351 882 448 of
896 350 1019 424 Prior
1038 351 1174 445 Symmr
1330 351 1450 450 [soor

344 530 559 616 Quapropter
587 533 711 598 viribus
742 535 889 617 corporis
924 533 1013 618 cepit
1049 533 1211 617 paulatim
1242 535 1388 611 destitui,
1417 536 1452 598 in

342 645 476 702 tantum
499 639 589 721 quod
613 639 739 703 diceret
761 639 918 704 iratribus
940 639 1008 702 suis
1032 660 1067 702 se
1090 640 1158 703 iam
1182 639 1300 703 morbo
1322 640 1453 704 sontico

343 741 502 821 laborare,
532 763 594 807 nec
624 765 723 826 posse
752 765 789 808 se
818 744 955 808 ulterius
991 745 1033 807 ad
1071 743 1299 809 defensionem
1331 746 1452 808 domus

343 845 499 911 sufficere.
547 847 593 911 Et
618 857 732 912 tamen
760 859 833 913 toto
859 858 1012 931 tempore
1042 869 1103 912 suo
1134 849 1223 912 bona
1254 849 1452 931 temporalia

344 948 561 1027 sufficiebant,
592 971 658 1014 non
689 961 823 1015 tantum
860 951 902 1014 ad
940 971 1036 1014 usum
1074 949 1213 1014 fratrum
1250 951 1309 1016 sed
1344 951 1451 1015 eciam

343 1055 493 1117 omnium
533 1053 657 1118 ibidem
697 1055 950 1119 declinancium.
1018 1055 1156 1120 Studuit
1194 1076 1273 1139 ergo
1311 1055 1452 1121 sollicite

345 1156 487 1240 qualiter
502 1157 612 1240 potuit
632 1179 691 1221 sue
710 1159 814 1241 quieti
836 1159 1011 1241 prouideri.
1057 1159 1135 1223 Vno
1151 1159 1252 1241 igitur
1266 1160 1453 1243 eodemque

345 1260 400 1325 die
415 1261 508 1325 uenit
525 1260 713 1343 Episcopus
730 1260 888 1343 Elyensis
909 1263 999 1344 apud
1022 1262 1225 1328 Bemewelle
1240 1273 1275 1326 et
1291 1273 1453 1347 patronus

346 1374 458 1429 noster
487 1364 644 1428 dominus
675 1365 714 1430 G.
743 1365 879 1428 Pecche.
937 1365 1127 1448 Episcopus
1151 1387 1285 1449 quoque
1316 1367 1454 1432 intrauit

344 1468 538 1551 capitulum,
561 1478 596 1533 et
622 1470 780 1552 exposuit
806 1469 1067 1534 imbecillitatem
1094 1471 1215 1535 Prioris
1239 1493 1350 1536 coram
1375 1495 1454 1537 con-

344 1582 457 1648 uentu,
488 1579 522 1636 et
553 1572 643 1655 quod
680 1573 797 1636 habuit
832 1573 1043 1638 uoluntatem
1075 1575 1225 1640 cedendi.
1271 1577 1317 1639 Et
1352 1577 1454 1642 ualde

344 1676 499 1741 admirati
514 1684 593 1740 sunt
613 1676 730 1741 fratres
751 1687 821 1741 tam
843 1678 885 1741 de
907 1680 1101 1756 rumoribus,
1117 1701 1218 1762 quarn
1239 1682 1282 1744 de
1304 1681 1453 1746 aduentu

343 1780 490 1863 episcopi
527 1790 561 1845 et
597 1783 729 1864 patroni
761 1784 855 1865 quasi
887 1804 931 1846 ex
962 1785 1141 1867 inprouiso.
1203 1783 1293 1868 Quid
1332 1785 1455 1869 plura?

181 1897 329 1950 Priorlotnn
344 1883 545 1947 Volentibus
566 1906 623 1948 seu
645 1885 836 1950 nolentibus
859 1887 1022 1965 fratribus,
1039 1888 1249 1972 multumque
1271 1889 1453 1953 reclaman-

180 1948 276 1999 reslgns
290 1948 330 1990 blo

178 1998 312 2090 mg}
343 1987 441 2064 tibus,
457 1989 638 2071 resignauit
654 1991 836 2071 prioratum
854 1991 887 2054 in
905 2012 1023 2055 manus
1042 1992 1198 2075 episcopi.
1245 1992 1291 2056 Et
1307 1993 1454 2076 prouisio

178 2097 304 2201 gilil‘ffl
343 2091 424 2154 satis
445 2102 640 2175 competens
664 2093 725 2157 luit
748 2095 778 2157 ei
802 2115 960 2158 concessa
981 2116 1040 2178 per
1060 2105 1169 2159 totum
1192 2105 1396 2160 conuentum
1419 2099 1452 2161 in

344 2197 514 2278 presencia
537 2197 694 2280 episcopi.

410 2299 601 2364 Recedente
636 2321 715 2364 uero
750 2303 909 2385 episcopo
939 2305 1098 2367 remansit
1129 2305 1288 2386 magister
1321 2305 1451 2386 Symon

341 2403 384 2466 de
414 2403 549 2467 Ascelle
576 2406 632 2487 qui
661 2414 741 2468 tunc
768 2416 839 2470 erat
864 2406 1014 2470 officialis
1041 2407 1188 2489 episcopi
1214 2416 1252 2469 ut
1278 2409 1453 2473 interesset

341 2507 508 2572 eleccioni.
555 2509 731 2591 Petitaque
752 2509 891 2574 licencia
912 2513 954 2574 de
976 2521 1119 2593 patrono
1140 2510 1197 2592 qui
1217 2519 1296 2574 tunc
1316 2531 1452 2592 presens

341 2623 413 2676 erat
442 2612 596 2694 eligendi,
627 2624 856 2679 conuenerunt
887 2615 1004 2680 fratres
1040 2617 1073 2678 in
1111 2615 1295 2698 capitulum
1331 2617 1450 2680 eodem

341 2716 405 2792 die,
431 2725 464 2779 et
491 2717 647 2781 inuocata
677 2719 789 2800 gracia
820 2721 955 2802 spiritus
985 2720 1093 2784 sancti
1124 2721 1238 2784 statim
1270 2730 1451 2786 tractatum

341 2819 490 2884 lecerunt
516 2820 558 2884 de
585 2821 757 2886 electione.
803 2823 1038 2907 Concessaque
1065 2824 1172 2888 tribus
1199 2825 1242 2888 de
1267 2826 1452 2890 senioribus

340 2934 508 3008 potestate
543 2926 702 2989 audiendi
740 2936 818 2991 uota
848 2927 1055 3010 singulorum
1092 2949 1152 3011 per
1182 2929 1388 3005 scrutinium,
1418 2939 1452 2993 et

340 3031 583 3112 pronunciandi
627 3030 659 3094 in
702 3032 834 3114 scriptis
881 3053 981 3114 quem
1028 3035 1141 3098 sanior
1182 3054 1259 3116 pars
1305 3035 1453 3117 elegerit,

339 3155 457 3199 omnes
485 3135 641 3200 exierunt
675 3135 718 3199 de
754 3137 911 3219 capitulo,
937 3140 1090 3221 exceptis
1122 3139 1227 3203 tribus
1258 3141 1452 3222 prenotatis.

339 3237 389 3301 At
416 3238 470 3315 illi,
499 3240 694 3322 incipientes
721 3261 741 3302 a
768 3240 953 3304 senioribus
980 3241 1176 3324 singillatim
1208 3243 1385 3307 audierunt
1416 3243 1450 3308 in

338 3342 472 3405 secretis
498 3352 578 3406 uota
605 3343 822 3424 singulorum,
845 3353 879 3408 et
907 3345 940 3407 in
966 3346 1098 3428 scriptis
1126 3345 1327 3428 redigerunt.
1373 3344 1451 3429 Quo

339 3444 437 3519 lactc,
463 3456 694 3510 conuenerunt
723 3467 840 3510 omnes
871 3447 989 3512 fratres
1020 3450 1053 3511 in
1081 3449 1276 3533 capitulum,
1301 3459 1334 3512 et
1365 3471 1451 3515 unus

339 3551 438 3612 trium
478 3549 703 3631 predictorum
744 3553 979 3633 pronunciauit
1015 3554 1047 3616 in
1084 3554 1216 3636 scriptis
1253 3553 1449 3636 magistrum

178 3661 304 3705 Simonde
340 3653 525 3735 Symonem
553 3654 596 3718 de
627 3653 763 3718 Ascelle
790 3658 822 3719 in
853 3656 999 3721 Priorem
1028 3667 1061 3721 et
1090 3659 1262 3721 Pastorem
1291 3659 1450 3722 canonice

175 3713 306 3805 diffidi
339 3778 412 3820 esse
439 3757 590 3821 electum.
636 3757 714 3840 Quo
741 3761 866 3838 audito,
889 3783 964 3825 cum
988 3763 1122 3826 cantico
1145 3763 1253 3826 laudis
1276 3774 1449 3846 surgentes

177 3812 252 3854 mn
264 3867 281 3916 s.
294 3871 326 3931 48
340 3882 465 3938 omnes,
481 3863 523 3924 ad
545 3860 729 3938 ecclesiam,
745 3873 782 3927 ut
804 3885 877 3928 mos
898 3877 958 3942 est,
974 3866 1156 3948 psallentes
1179 3868 1288 3950 ipsum
1305 3867 1448 3931 electum

339 3964 561 4029 deduxerunt.
607 3965 657 4030 At
680 3967 737 4030 illo
760 3988 872 4032 coram
897 3990 1021 4053 magno
1042 3972 1148 4036 altare
1170 3982 1337 4054 prostrato
1361 3972 1450 4036 dixit

338 4069 492 4152 subprior
521 4078 614 4132 stans
646 4071 742 4135 iuxta
773 4092 849 4135 eum
881 4073 1073 4137 oracionem
1105 4085 1311 4139 consuetam.
1370 4075 1448 4140 Sur-

337 4193 486 4256 gensque
508 4173 634 4237 electus
657 4176 770 4240 statim
798 4186 1010 4257 presentatus
1035 4187 1085 4240 est
1108 4187 1260 4261 patrono
1283 4181 1340 4261 qui
1368 4187 1448 4244 tunc

335 4297 471 4359 presens
497 4288 569 4341 erat
595 4279 627 4341 in
653 4279 802 4356 ecclesia,
826 4289 860 4343 et
885 4280 940 4344 ille
964 4284 1115 4364 gaudens
1141 4283 1277 4347 admisit
1302 4304 1390 4360 eum,
1415 4294 1449 4348 et

334 4383 502 4446 osculatus
532 4393 582 4447 est
612 4404 698 4447 eum.
745 4384 876 4449 Eodem
907 4406 1041 4468 quoque
1071 4388 1125 4450 die
1154 4389 1302 4470 acceptis
1329 4410 1445 4454 secum

333 4485 465 4554 duobus
485 4489 653 4553 canonicis
673 4491 871 4555 accelerauit
891 4490 935 4554 ad
956 4491 1150 4576 episcopum
1172 4511 1233 4576 pro
1255 4495 1445 4580 optinenda
