3212 5064
342 393 388 462 68
581 389 643 486 Of
659 391 720 463 rte
746 390 884 464 Priors
909 390 989 464 and
1010 391 1113 464 their
1136 401 1213 464 acts
1329 388 1450 488 [BOOK

176 541 279 584 zleeted
293 553 325 582 on

174 591 329 685 rahelffigr
340 576 540 658 supradicto,
556 577 688 641 vacauit
710 577 878 641 Prioratus
896 578 940 642 de
960 577 1164 642 Bernewelle
1180 597 1284 660 usque
1300 576 1343 641 ad
1359 576 1449 640 diem

175 693 299 794 ἐξόζει-
319 672 456 746 'Sancti
489 681 648 746 Romani¹
680 683 870 764 proximam
901 691 1106 764 sequentem,
1134 683 1190 764 qui
1218 690 1268 744 est
1299 702 1341 744 .x.
1373 680 1450 745 Kal.

176 793 289 895 gigffb²¹*
340 783 550 848 Nouembris.
597 783 674 867 Quo
697 786 761 861 die,
784 786 908 850 scilicet
932 786 1012 850 feria
1036 794 1163 868 quarta,
1187 784 1312 849 electus
1336 793 1387 848 est
1415 784 1449 846 in

238 929 254 978 s,
268 929 325 992 ub
341 887 485 950 Priorem
518 887 705 951 Willelmus
735 890 777 952 de
809 889 984 965 Bedeiord,
1016 888 1162 954 Sacrista
1196 888 1345 951 eiusdem
1377 887 1450 951 loci.

340 991 417 1075 Qui,
440 1002 477 1057 ut
501 993 612 1069 fertur,
636 1003 713 1076 post
740 993 1004 1058 installacionem
1032 1013 1127 1057 suam
1152 991 1255 1056 semel
1283 992 1450 1074 ingressus

339 1105 390 1161 est
415 1097 607 1180 capitulum,
633 1095 749 1162 sratres
775 1119 852 1161 suos
879 1097 1071 1162 confortans
1103 1096 1205 1160 uerbo
1236 1095 1385 1160 doctrine
1415 1097 1449 1160 in

174 1189 295 1281 lssl'ff‘d
339 1199 445 1264 forma
468 1201 655 1266 dilectionis
678 1222 754 1265 cum
782 1202 968 1286 graciarum
996 1203 1137 1278 actione,
1161 1200 1353 1265 infirmitate
1379 1221 1451 1264 cor-

175 1289 302 1382 }12222‘2„
339 1315 461 1388 reptus,
482 1315 559 1389 post
580 1327 705 1389 paucos
727 1308 798 1371 dies
820 1308 977 1390 migrauit
997 1330 1017 1372 a
1038 1307 1159 1385 seculo,
1175 1316 1208 1371 et
1229 1305 1378 1389 sepultus
1398 1316 1452 1371 est

174 1389 324 1433 ‘¹¹‘”·¹¹⁶⁶'
339 1411 372 1473 in
388 1411 536 1494 capitulo
552 1431 597 1474 ex
613 1421 709 1494 parte
725 1411 918 1493 aquilonari.

564 1635 616 1712 46.
662 1631 713 1696 De
734 1631 881 1696 Ricardo
902 1633 941 1696 de
962 1633 1075 1716 Burgo
1096 1633 1224 1698 Priore.

174 1766 309 1868 deieddldh·
405 1811 569 1874 Ricardus
585 1811 628 1875 de
644 1812 758 1894 Burgo
775 1813 867 1876 Prior
878 1813 1036 1877 successit
1049 1814 1088 1889 ei,
1099 1823 1134 1877 et
1150 1816 1217 1877 cito
1232 1814 1382 1878 sublatus
1397 1824 1451 1878 est

174 1867 261 2010 iffi
269 1917 308 2010 ξε
339 1917 381 1981 de
397 1917 518 1994 medio,
533 1927 568 1982 et
583 1919 733 2002 sepultus
750 1928 799 1982 est
817 1919 849 1982 in
866 1920 1015 2002 capitulo
1030 1941 1075 1983 ex
1092 1929 1187 2002 parte
1203 1919 1396 2002 aquilonari.

175 2017 295 2110 {ffil'
407 2021 465 2104 Hij
478 2032 545 2086 tres
557 2022 666 2086 ultimi
681 2025 820 2099 Priores
830 2024 984 2088 videlicet
996 2023 1193 2098 Willelmus,
1205 2032 1238 2087 et
1251 2024 1450 2102 Willelmus,

175 2119 261 2211 iffi}
339 2137 373 2191 et
390 2126 562 2204 Ricardus,
581 2127 752 2192 habebant
767 2129 953 2192 successiue
969 2147 1072 2191 unum
1089 2127 1299 2210 capellanum
1316 2129 1450 2191 canoni-

175 2219 303 2313 iamin
339 2253 415 2296 cum
440 2232 661 2296 Laurencium
684 2233 826 2308 nomine,
842 2233 898 2317 qui
920 2233 967 2296 eis
989 2253 1113 2315 magna
1132 2233 1320 2296 humilitate
1336 2233 1448 2297 minis-

174 2320 323 2439 ²3:332*
337 2337 457 2413 trabat,
469 2336 603 2401 lectioni
620 2347 653 2401 et
669 2338 814 2402 oracioni
831 2338 954 2401 deuote
970 2338 1153 2416 insistebat,
1164 2339 1296 2402 ociosus
1311 2338 1447 2420 quidem

173 2446 311 2539 {wgo
338 2461 410 2505 esse
436 2440 583 2517 nolebat,
608 2461 686 2504 narn
714 2461 815 2506 manu
843 2439 978 2524 propria
1004 2462 1072 2517 sua,
1097 2441 1141 2505 ad
1171 2435 1372 2525 perpetuam'
1397 2444 1448 2506 sui

173 2553 301 2640 {gmehm
338 2545 543 2622 memoriam,
570 2543 671 2607 libros
697 2545 826 2628 scripsit
851 2545 1074 2628 quamplures,
1097 2545 1250 2609 videlicet
1276 2546 1448 2628 passiones

174 2646 265 2740 ξῆἳῗ·
275 2649 324 2691 ¹¹²⁶
339 2649 549 2726 Sanctorum,
564 2669 630 2732 que
646 2649 800 2732 leguntur
821 2651 854 2713 in
876 2671 1001 2726 mensa,
1017 2650 1049 2713 in
1074 2649 1178 2714 tribus
1203 2649 1447 2727 uoluminibus;

173 2747 298 2850 ξξῇονξῑῦῗ·
340 2753 522 2818 Pastoralia
542 2752 703 2837 Gregorij,
726 2752 984 2829 Remediarium,
1006 2762 1040 2817 et
1059 2754 1169 2836 plures
1190 2752 1273 2817 alios
1294 2752 1394 2815 libros
1413 2762 1447 2815 et

174 2848 325 2942 ξᾚξζξω
338 2867 455 2923 cartas

508 3094 559 3160 47.
605 3077 656 3143 De
677 3076 860 3144 Laurencio
881 3079 921 3142 de
943 3076 1131 3159 Stamp‘eld
1150 3075 1275 3142 Prrbre.

172 3276 301 3369 {suffic
404 3257 573 3324 Defuncto
590 3259 735 3323 Ricardo
755 3258 799 3322 de
818 3257 931 3341 Burgo
953 3257 1064 3322 Priore
1084 3277 1201 3321 omnes
1217 3255 1334 3322 iratres
1357 3257 1445 3322 Lau-

173 3376 322 3468 ffigrninth
337 3364 484 3428 rencium
506 3362 549 3426 de
570 3360 768 3440 Stanesseld,
784 3371 875 3426 etate
891 3361 1026 3444 quidem
1044 3361 1207 3438 iuuenem,
1222 3361 1282 3425 sed
1299 3362 1447 3426 moribus

173 3457 304 3530 nulnu-
336 3467 528 3552 pollentem,
545 3469 578 3531 in
595 3475 762 3551 pastorem
778 3466 959 3549 elegerunt,
971 3475 1005 3528 et
1022 3465 1168 3529 Priorem
1186 3465 1342 3530 lecerunt.
1379 3465 1447 3530 lste

172 3570 309 3665 3¹⁵ng
338 3571 541 3636 Laurencius
563 3572 655 3635 Prior
670 3571 872 3634 eminentem
890 3569 1111 3634 litteraturam
1128 3590 1194 3634 non
1215 3569 1370 3646 habebat,
1388 3571 1445 3634 sed

336 3676 576 3753 sufficientem;
607 3675 773 3759 regulares
800 3675 993 3758 disciplinas
1018 3675 1157 3740 amabat
1182 3685 1216 3740 et
1247 3675 1447 3740 metuendus

337 3783 541 3866 imponebat.
601 3779 697 3845 Circa
737 3771 855 3844 omnes
896 3779 1042 3863 seipsum
1084 3780 1247 3844 bonorum
1286 3779 1448 3862 prebebat

336 3885 541 3969 exemplum.
586 3884 711 3968 Cilicijs
732 3885 877 3962 nodosis,
892 3895 925 3950 et
947 3883 1009 3948 filis
1029 3884 1249 3968 grossioribus
1266 3885 1447 3960 contextis,

336 3988 494 4053 utebatur
531 3989 564 4050 in
601 3987 857 4071 quadragesima
895 3997 929 4054 et
964 3988 1082 4052 diebus
1119 3986 1296 4066 ferialibus,
1330 3986 1446 4070 cilicijs

337 4112 417 4156 uero
454 4089 681 4155 subtilioribus
719 4092 874 4156 utebatur
911 4092 1030 4157 diebus
1067 4092 1202 4157 sestiuis.
1263 4091 1447 4176 Obsequijs

336 4196 458 4262 diuinis
479 4196 512 4258 in
534 4195 644 4272 chore,
660 4206 694 4261 et
715 4197 838 4280 uigilijs
859 4199 1029 4263 nocturnis
1050 4207 1084 4262 et
1104 4197 1277 4262 matutinis
1293 4197 1446 4260 assiduus

337 4297 502 4360 intererat.
547 4293 694 4379 Quando
715 4297 819 4362 eciam
841 4317 947 4360 senex
968 4306 1039 4361 erat
1060 4306 1094 4361 et
1115 4295 1256 4380 pedibus
1272 4296 1446 4362 ambulare

499 4455 510 4490 ¹
527 4473 558 4521 ²3
570 4459 690 4509 October.
725 4458 781 4509 The
794 4459 853 4509 least
867 4458 909 4508 iell
921 4475 954 4508 on
966 4475 981 4508 a
993 4459 1153 4524 Wednesday
1165 4459 1190 4508 in
1204 4475 1274 4524 ¹²¹3·
