<?xml version="1.0" encoding="UTF-8"?>
<!DOCTYPE html PUBLIC "-//W3C//DTD XHTML 1.0 Transitional//EN"
    "http://www.w3.org/TR/xhtml1/DTD/xhtml1-transitional.dtd">
<html xmlns="http://www.w3.org/1999/xhtml" xml:lang="en" lang="en">
 <head>
  <title>
</title>
<meta http-equiv="Content-Type" content="text/html;charset=utf-8" />
  <meta name='ocr-system' content='tesseract 3.04.00' />
  <meta name='ocr-capabilities' content='ocr_page ocr_carea ocr_par ocr_line ocrx_word'/>
</head>
<body>
  <div class='ocr_page' id='page_1' title='image "./libermemorandor00maitgoog_0303.png"; bbox 0 0 3192 5102; ppageno 0'>
   <div class='ocr_carea' id='block_1_1' title="bbox 167 359 1270 464">
    <p class='ocr_par' dir='ltr' id='par_1_1' title="bbox 167 359 1270 464">
     <span class='ocr_line' id='line_1_1' title="bbox 167 359 1270 464; baseline 0.004 -28"><span class='ocrx_word' id='word_1_1' title='bbox 167 359 223 464; x_wconf 75' lang='grc' dir='ltr'><strong>ιν]</strong></span> <span class='ocrx_word' id='word_1_2' title='bbox 399 365 573 439; x_wconf 81' lang='lat' dir='ltr'><strong>Arrival</strong></span> <span class='ocrx_word' id='word_1_3' title='bbox 594 363 641 463; x_wconf 89' lang='lat' dir='ltr'><strong>os</strong></span> <span class='ocrx_word' id='word_1_4' title='bbox 659 375 729 440; x_wconf 84' lang='lat' dir='ltr'><strong>two</strong></span> <span class='ocrx_word' id='word_1_5' title='bbox 747 367 871 462; x_wconf 78' lang='lat' dir='ltr'><strong>papal</strong></span> <span class='ocrx_word' id='word_1_6' title='bbox 891 367 1045 464; x_wconf 80' lang='lat' dir='ltr'><strong>Legales</strong></span> <span class='ocrx_word' id='word_1_7' title='bbox 1201 390 1270 460; x_wconf 82' lang='lat'><strong>235</strong></span> 
     </span>
    </p>
   </div>
   <div class='ocr_carea' id='block_1_2' title="bbox 167 555 1440 2626">
    <p class='ocr_par' dir='ltr' id='par_1_2' title="bbox 167 555 1440 1790">
     <span class='ocr_line' id='line_1_2' title="bbox 233 555 1410 658; baseline 0 -40"><span class='ocrx_word' id='word_1_8' title='bbox 233 555 366 621; x_wconf 87' lang='lat' dir='ltr'>Deinde</span> <span class='ocrx_word' id='word_1_9' title='bbox 388 557 536 640; x_wconf 90' lang='lat' dir='ltr'><strong>perrexit</strong></span> <span class='ocrx_word' id='word_1_10' title='bbox 558 555 602 620; x_wconf 89' lang='lat' dir='ltr'><strong>ad</strong></span> <span class='ocrx_word' id='word_1_11' title='bbox 631 555 760 640; x_wconf 84' lang='lat' dir='ltr'>Regem</span> <span class='ocrx_word' id='word_1_12' title='bbox 783 555 841 639; x_wconf 94' lang='lat' dir='ltr'><strong>qui</strong></span> <span class='ocrx_word' id='word_1_13' title='bbox 864 563 944 619; x_wconf 92' lang='lat' dir='ltr'><strong>tunc</strong></span> <span class='ocrx_word' id='word_1_14' title='bbox 967 564 1038 618; x_wconf 90' lang='lat' dir='ltr'><strong>erat</strong></span> <span class='ocrx_word' id='word_1_15' title='bbox 1064 555 1097 620; x_wconf 93' lang='lat' dir='ltr'><strong>in</strong></span> <span class='ocrx_word' id='word_1_16' title='bbox 1122 555 1272 638; x_wconf 91' lang='lat' dir='ltr'><strong>partibus</strong></span> <span class='ocrx_word' id='word_1_17' title='bbox 1288 565 1410 658; x_wconf 46' lang='grc' dir='ltr'><strong>ἔμω</strong></span> 
     </span>
     <span class='ocr_line' id='line_1_3' title="bbox 168 627 1440 758; baseline 0.002 -36"><span class='ocrx_word' id='word_1_18' title='bbox 168 658 289 724; x_wconf 90' lang='lat' dir='ltr'><strong>Wallie</strong></span> <span class='ocrx_word' id='word_1_19' title='bbox 312 681 412 745; x_wconf 89' lang='lat' dir='ltr'><strong>supra</strong></span> <span class='ocrx_word' id='word_1_20' title='bbox 434 659 572 726; x_wconf 91' lang='lat' dir='ltr'><strong>modum</strong></span> <span class='ocrx_word' id='word_1_21' title='bbox 595 670 786 743; x_wconf 90' lang='lat' dir='ltr'><strong>occupatus.</strong></span> <span class='ocrx_word' id='word_1_22' title='bbox 833 659 936 724; x_wconf 87' lang='lat' dir='ltr'>Fame</span> <span class='ocrx_word' id='word_1_23' title='bbox 959 670 993 724; x_wconf 93' lang='lat' dir='ltr'><strong>et</strong></span> <span class='ocrx_word' id='word_1_24' title='bbox 1016 659 1070 723; x_wconf 92' lang='lat' dir='ltr'><strong>siti</strong></span> <span class='ocrx_word' id='word_1_25' title='bbox 1094 669 1129 724; x_wconf 89' lang='lat' dir='ltr'><strong>et</strong></span> <span class='ocrx_word' id='word_1_26' title='bbox 1153 659 1273 744; x_wconf 80' lang='lat' dir='ltr'><strong>frigore</strong></span> <span class='ocrx_word' id='word_1_27' title='bbox 1287 627 1440 758; x_wconf 40' lang='lat' dir='ltr'><strong>pruffling-¹2</strong></span> 
     </span>
     <span class='ocr_line' id='line_1_4' title="bbox 167 727 1425 859; baseline 0.005 -35"><span class='ocrx_word' id='word_1_28' title='bbox 167 761 350 840; x_wconf 77' lang='lat' dir='ltr'>laborabat,</span> <span class='ocrx_word' id='word_1_29' title='bbox 372 785 476 848; x_wconf 92' lang='lat' dir='ltr'><strong>equos</strong></span> <span class='ocrx_word' id='word_1_30' title='bbox 506 774 540 829; x_wconf 91' lang='lat' dir='ltr'><strong>et</strong></span> <span class='ocrx_word' id='word_1_31' title='bbox 564 785 668 848; x_wconf 90' lang='lat' dir='ltr'><strong>equos</strong></span> <span class='ocrx_word' id='word_1_32' title='bbox 699 764 845 848; x_wconf 87' lang='lat' dir='ltr'><strong>perdidit</strong></span> <span class='ocrx_word' id='word_1_33' title='bbox 874 775 909 829; x_wconf 91' lang='lat' dir='ltr'><strong>et</strong></span> <span class='ocrx_word' id='word_1_34' title='bbox 939 763 1063 828; x_wconf 92' lang='lat' dir='ltr'><strong>multos</strong></span> <span class='ocrx_word' id='word_1_35' title='bbox 1094 764 1215 828; x_wconf 85' lang='lat' dir='ltr'><strong>milites</strong></span> <span class='ocrx_word' id='word_1_36' title='bbox 1240 775 1273 829; x_wconf 90' lang='lat' dir='ltr'><strong>et</strong></span> <span class='ocrx_word' id='word_1_37' title='bbox 1287 727 1425 859; x_wconf 52' lang='lat' dir='ltr'><strong>pgngffi’g</strong></span> 
     </span>
     <span class='ocr_line' id='line_1_5' title="bbox 167 866 1274 946; baseline 0.004 -16"><span class='ocrx_word' id='word_1_38' title='bbox 167 866 278 946; x_wconf 76' lang='lat' dir='ltr'><strong>iorteS,</strong></span> <span class='ocrx_word' id='word_1_39' title='bbox 293 879 327 934; x_wconf 91' lang='lat' dir='ltr'><strong>et</strong></span> <span class='ocrx_word' id='word_1_40' title='bbox 349 877 478 934; x_wconf 89' lang='lat' dir='ltr'><strong>ceteros</strong></span> <span class='ocrx_word' id='word_1_41' title='bbox 500 869 653 934; x_wconf 88' lang='lat' dir='ltr'><strong>homines</strong></span> <span class='ocrx_word' id='word_1_42' title='bbox 676 871 747 934; x_wconf 91' lang='lat' dir='ltr'><strong>sine</strong></span> <span class='ocrx_word' id='word_1_43' title='bbox 769 890 917 934; x_wconf 80' lang='lat' dir='ltr'><strong>numero</strong></span> <span class='ocrx_word' id='word_1_44' title='bbox 962 869 1145 934; x_wconf 88' lang='lat' dir='ltr'><strong>Gilbertus¹</strong></span> <span class='ocrx_word' id='word_1_45' title='bbox 1162 891 1274 934; x_wconf 92' lang='lat' dir='ltr'><strong>comes</strong></span> 
     </span>
     <span class='ocr_line' id='line_1_6' title="bbox 168 971 1273 1058; baseline 0.003 -21"><span class='ocrx_word' id='word_1_46' title='bbox 168 971 357 1050; x_wconf 89' lang='lat' dir='ltr'><strong>Glouernie,</strong></span> <span class='ocrx_word' id='word_1_47' title='bbox 380 975 446 1057; x_wconf 91' lang='lat' dir='ltr'><strong>qui,</strong></span> <span class='ocrx_word' id='word_1_48' title='bbox 470 985 506 1039; x_wconf 91' lang='lat' dir='ltr'><strong>ut</strong></span> <span class='ocrx_word' id='word_1_49' title='bbox 528 975 712 1052; x_wconf 85' lang='lat' dir='ltr'><strong>dicebatur,</strong></span> <span class='ocrx_word' id='word_1_50' title='bbox 734 986 852 1039; x_wconf 85' lang='lat' dir='ltr'><strong>votum</strong></span> <span class='ocrx_word' id='word_1_51' title='bbox 876 974 999 1040; x_wconf 83' lang='lat' dir='ltr'><strong>lecerat</strong></span> <span class='ocrx_word' id='word_1_52' title='bbox 1029 977 1119 1058; x_wconf 94' lang='lat' dir='ltr'><strong>quod</strong></span> <span class='ocrx_word' id='word_1_53' title='bbox 1145 975 1273 1040; x_wconf 92' lang='lat' dir='ltr'><strong>nullum</strong></span> 
     </span>
     <span class='ocr_line' id='line_1_7' title="bbox 170 1073 1275 1162; baseline 0.006 -25"><span class='ocrx_word' id='word_1_54' title='bbox 170 1073 371 1142; x_wconf 90' lang='lat' dir='ltr'><strong>Wallensem</strong></span> <span class='ocrx_word' id='word_1_55' title='bbox 403 1078 518 1142; x_wconf 91' lang='lat' dir='ltr'><strong>uiuum</strong></span> <span class='ocrx_word' id='word_1_56' title='bbox 549 1079 759 1162; x_wconf 89' lang='lat' dir='ltr'><strong>relinqueret,</strong></span> <span class='ocrx_word' id='word_1_57' title='bbox 786 1079 979 1143; x_wconf 86' lang='lat' dir='ltr'><strong>resistentes</strong></span> <span class='ocrx_word' id='word_1_58' title='bbox 1001 1078 1064 1143; x_wconf 93' lang='lat' dir='ltr'><strong>sibi</strong></span> <span class='ocrx_word' id='word_1_59' title='bbox 1088 1079 1211 1144; x_wconf 91' lang='lat' dir='ltr'><strong>multos</strong></span> <span class='ocrx_word' id='word_1_60' title='bbox 1241 1090 1275 1144; x_wconf 91' lang='lat' dir='ltr'><strong>et</strong></span> 
     </span>
     <span class='ocr_line' id='line_1_8' title="bbox 169 1179 1274 1267; baseline 0.004 -24"><span class='ocrx_word' id='word_1_61' title='bbox 169 1179 269 1245; x_wconf 81' lang='lat' dir='ltr'><strong>sortes</strong></span> <span class='ocrx_word' id='word_1_62' title='bbox 293 1182 429 1258; x_wconf 92' lang='lat' dir='ltr'><strong>inuenit,</strong></span> <span class='ocrx_word' id='word_1_63' title='bbox 451 1193 485 1247; x_wconf 90' lang='lat' dir='ltr'><strong>et</strong></span> <span class='ocrx_word' id='word_1_64' title='bbox 515 1183 671 1267; x_wconf 84' lang='lat' dir='ltr'><strong>precipue</strong></span> <span class='ocrx_word' id='word_1_65' title='bbox 699 1184 851 1266; x_wconf 87' lang='lat' dir='ltr'><strong>Morgan‚</strong></span> <span class='ocrx_word' id='word_1_66' title='bbox 874 1202 977 1246; x_wconf 91' lang='lat' dir='ltr'><strong>vnum</strong></span> <span class='ocrx_word' id='word_1_67' title='bbox 1003 1183 1045 1248; x_wconf 92' lang='lat' dir='ltr'><strong>de</strong></span> <span class='ocrx_word' id='word_1_68' title='bbox 1070 1185 1274 1267; x_wconf 88' lang='lat' dir='ltr'><strong>principibus</strong></span> 
     </span>
     <span class='ocr_line' id='line_1_9' title="bbox 170 1283 1276 1370; baseline 0.003 -22"><span class='ocrx_word' id='word_1_69' title='bbox 170 1283 298 1362; x_wconf 91' lang='lat' dir='ltr'><strong>Wallie,</strong></span> <span class='ocrx_word' id='word_1_70' title='bbox 327 1287 384 1370; x_wconf 92' lang='lat' dir='ltr'><strong>qui</strong></span> <span class='ocrx_word' id='word_1_71' title='bbox 423 1287 503 1351; x_wconf 91' lang='lat' dir='ltr'><strong>satis</strong></span> <span class='ocrx_word' id='word_1_72' title='bbox 541 1287 650 1352; x_wconf 90' lang='lat' dir='ltr'><strong>eidem</strong></span> <span class='ocrx_word' id='word_1_73' title='bbox 689 1287 813 1352; x_wconf 86' lang='lat' dir='ltr'><strong>Comiti</strong></span> <span class='ocrx_word' id='word_1_74' title='bbox 851 1299 885 1352; x_wconf 95' lang='lat' dir='ltr'><strong>et</strong></span> <span class='ocrx_word' id='word_1_75' title='bbox 915 1289 1076 1353; x_wconf 88' lang='lat' dir='ltr'><strong>exercitui</strong></span> <span class='ocrx_word' id='word_1_76' title='bbox 1106 1309 1167 1352; x_wconf 92' lang='lat' dir='ltr'><strong>suo</strong></span> <span class='ocrx_word' id='word_1_77' title='bbox 1198 1288 1276 1352; x_wconf 88' lang='lat' dir='ltr'><strong>iecit</strong></span> 
     </span>
     <span class='ocr_line' id='line_1_10' title="bbox 168 1391 1274 1476; baseline 0.001 -21"><span class='ocrx_word' id='word_1_78' title='bbox 168 1391 317 1474; x_wconf 88' lang='lat' dir='ltr'><strong>dampna</strong></span> <span class='ocrx_word' id='word_1_79' title='bbox 345 1403 380 1457; x_wconf 91' lang='lat' dir='ltr'><strong>et</strong></span> <span class='ocrx_word' id='word_1_80' title='bbox 409 1393 620 1469; x_wconf 89' lang='lat' dir='ltr'><strong>uexaciones,</strong></span> <span class='ocrx_word' id='word_1_81' title='bbox 649 1393 738 1457; x_wconf 87' lang='lat' dir='ltr'><strong>vnde</strong></span> <span class='ocrx_word' id='word_1_82' title='bbox 769 1393 892 1458; x_wconf 91' lang='lat' dir='ltr'><strong>Comes</strong></span> <span class='ocrx_word' id='word_1_83' title='bbox 923 1392 1022 1476; x_wconf 73' lang='lat' dir='ltr'><strong>rediit</strong></span> <span class='ocrx_word' id='word_1_84' title='bbox 1052 1394 1095 1458; x_wconf 89' lang='lat' dir='ltr'><strong>de</strong></span> <span class='ocrx_word' id='word_1_85' title='bbox 1126 1393 1274 1476; x_wconf 91' lang='lat' dir='ltr'><strong>partibus</strong></span> 
     </span>
     <span class='ocr_line' id='line_1_11' title="bbox 170 1493 1275 1580; baseline 0.005 -25"><span class='ocrx_word' id='word_1_86' title='bbox 170 1493 289 1559; x_wconf 92' lang='lat' dir='ltr'><strong>Wallie</strong></span> <span class='ocrx_word' id='word_1_87' title='bbox 327 1515 394 1561; x_wconf 92' lang='lat' dir='ltr'><strong>non</strong></span> <span class='ocrx_word' id='word_1_88' title='bbox 432 1495 504 1560; x_wconf 90' lang='lat' dir='ltr'><strong>sine</strong></span> <span class='ocrx_word' id='word_1_89' title='bbox 543 1497 670 1561; x_wconf 86' lang='lat' dir='ltr'><strong>rubore.</strong></span> <span class='ocrx_word' id='word_1_90' title='bbox 717 1499 838 1561; x_wconf 86' lang='lat' dir='ltr'><strong>Postea</strong></span> <span class='ocrx_word' id='word_1_91' title='bbox 868 1497 1036 1580; x_wconf 89' lang='lat' dir='ltr'><strong>predictus</strong></span> <span class='ocrx_word' id='word_1_92' title='bbox 1068 1499 1210 1580; x_wconf 90' lang='lat' dir='ltr'><strong>Morgan</strong></span> <span class='ocrx_word' id='word_1_93' title='bbox 1242 1507 1275 1561; x_wconf 92' lang='lat' dir='ltr'><strong>et</strong></span> 
     </span>
     <span class='ocr_line' id='line_1_12' title="bbox 170 1599 1275 1684; baseline 0.002 -22"><span class='ocrx_word' id='word_1_94' title='bbox 170 1599 318 1664; x_wconf 89' lang='lat' dir='ltr'><strong>Maddoc</strong></span> <span class='ocrx_word' id='word_1_95' title='bbox 330 1601 373 1664; x_wconf 90' lang='lat' dir='ltr'><strong>ab</strong></span> <span class='ocrx_word' id='word_1_96' title='bbox 386 1601 532 1664; x_wconf 88' lang='lat' dir='ltr'><strong>Lewelin</strong></span> <span class='ocrx_word' id='word_1_97' title='bbox 544 1601 709 1684; x_wconf 88' lang='lat' dir='ltr'><strong>principes</strong></span> <span class='ocrx_word' id='word_1_98' title='bbox 720 1600 842 1664; x_wconf 91' lang='lat' dir='ltr'><strong>Wallie</strong></span> <span class='ocrx_word' id='word_1_99' title='bbox 857 1601 1078 1665; x_wconf 89' lang='lat' dir='ltr'><strong>subdiderunt</strong></span> <span class='ocrx_word' id='word_1_100' title='bbox 1090 1622 1126 1664; x_wconf 90' lang='lat' dir='ltr'><strong>se</strong></span> <span class='ocrx_word' id='word_1_101' title='bbox 1137 1601 1275 1665; x_wconf 91' lang='lat' dir='ltr'><strong>domino</strong></span> 
     </span>
     <span class='ocr_line' id='line_1_13' title="bbox 170 1703 1275 1790; baseline 0.002 -22"><span class='ocrx_word' id='word_1_102' title='bbox 170 1703 337 1769; x_wconf 90' lang='lat' dir='ltr'><strong>Edwardo</strong></span> <span class='ocrx_word' id='word_1_103' title='bbox 354 1706 438 1790; x_wconf 83' lang='lat' dir='ltr'><strong>Regi</strong></span> <span class='ocrx_word' id='word_1_104' title='bbox 457 1705 581 1790; x_wconf 83' lang='lat' dir='ltr'><strong>Anglie</strong></span> <span class='ocrx_word' id='word_1_105' title='bbox 596 1715 630 1769; x_wconf 89' lang='lat' dir='ltr'><strong>et</strong></span> <span class='ocrx_word' id='word_1_106' title='bbox 646 1707 790 1770; x_wconf 88' lang='lat' dir='ltr'><strong>cessauit</strong></span> <span class='ocrx_word' id='word_1_107' title='bbox 802 1727 921 1789; x_wconf 88' lang='lat' dir='ltr'><strong>guerra</strong></span> <span class='ocrx_word' id='word_1_108' title='bbox 934 1708 966 1768; x_wconf 92' lang='lat' dir='ltr'><strong>in</strong></span> <span class='ocrx_word' id='word_1_109' title='bbox 983 1706 1133 1790; x_wconf 92' lang='lat' dir='ltr'><strong>partibus</strong></span> <span class='ocrx_word' id='word_1_110' title='bbox 1146 1705 1275 1770; x_wconf 89' lang='lat' dir='ltr'><strong>Wallie.</strong></span> 
     </span>
    </p>

    <p class='ocr_par' dir='ltr' id='par_1_3' title="bbox 169 1809 1424 2626">
     <span class='ocr_line' id='line_1_14' title="bbox 236 1809 1409 1893; baseline 0.005 -21"><span class='ocrx_word' id='word_1_111' title='bbox 236 1809 312 1873; x_wconf 88' lang='lat' dir='ltr'><strong>Rex</strong></span> <span class='ocrx_word' id='word_1_112' title='bbox 329 1820 442 1874; x_wconf 90' lang='lat' dir='ltr'><strong>autem</strong></span> <span class='ocrx_word' id='word_1_113' title='bbox 460 1810 559 1893; x_wconf 92' lang='lat' dir='ltr'><strong>redijt</strong></span> <span class='ocrx_word' id='word_1_114' title='bbox 572 1810 794 1888; x_wconf 89' lang='lat' dir='ltr'><strong>Londoniam,</strong></span> <span class='ocrx_word' id='word_1_115' title='bbox 804 1822 837 1876; x_wconf 92' lang='lat' dir='ltr'><strong>et</strong></span> <span class='ocrx_word' id='word_1_116' title='bbox 850 1811 940 1875; x_wconf 91' lang='lat' dir='ltr'><strong>misit</strong></span> <span class='ocrx_word' id='word_1_117' title='bbox 952 1811 1137 1876; x_wconf 89' lang='lat' dir='ltr'><strong>exercitum</strong></span> <span class='ocrx_word' id='word_1_118' title='bbox 1155 1810 1273 1875; x_wconf 87' lang='lat' dir='ltr'><strong>fortem</strong></span> <span class='ocrx_word' id='word_1_119' title='bbox 1289 1827 1409 1878; x_wconf 70' lang='lat' dir='ltr'><strong>Aneros</strong></span> 
     </span>
     <span class='ocr_line' id='line_1_15' title="bbox 169 1876 1419 1999; baseline -0.002 -20"><span class='ocrx_word' id='word_1_120' title='bbox 169 1916 202 1979; x_wconf 90' lang='lat' dir='ltr'><strong>in</strong></span> <span class='ocrx_word' id='word_1_121' title='bbox 220 1915 435 1980; x_wconf 90' lang='lat' dir='ltr'><strong>Wasconiam</strong></span> <span class='ocrx_word' id='word_1_122' title='bbox 451 1926 486 1981; x_wconf 92' lang='lat' dir='ltr'><strong>et</strong></span> <span class='ocrx_word' id='word_1_123' title='bbox 505 1917 702 1999; x_wconf 86' lang='lat' dir='ltr'><strong>peccuniam</strong></span> <span class='ocrx_word' id='word_1_124' title='bbox 725 1917 818 1998; x_wconf 87' lang='lat' dir='ltr'><strong>quasi</strong></span> <span class='ocrx_word' id='word_1_125' title='bbox 841 1917 1014 1982; x_wconf 88' lang='lat' dir='ltr'><strong>infinitam.</strong></span> <span class='ocrx_word' id='word_1_126' title='bbox 1060 1917 1154 1982; x_wconf 90' lang='lat' dir='ltr'><strong>Misit</strong></span> <span class='ocrx_word' id='word_1_127' title='bbox 1168 1917 1273 1980; x_wconf 88' lang='lat' dir='ltr'><strong>eciam</strong></span> <span class='ocrx_word' id='word_1_128' title='bbox 1288 1876 1419 1977; x_wconf 46' lang='lat' dir='ltr'><strong>Ramisi?</strong></span> 
     </span>
     <span class='ocr_line' id='line_1_16' title="bbox 171 2017 1276 2104; baseline 0.003 -23"><span class='ocrx_word' id='word_1_129' title='bbox 171 2017 247 2082; x_wconf 87' lang='lat' dir='ltr'><strong>Rex</strong></span> <span class='ocrx_word' id='word_1_130' title='bbox 267 2019 351 2102; x_wconf 85' lang='lat' dir='ltr'><strong>Regi</strong></span> <span class='ocrx_word' id='word_1_131' title='bbox 369 2019 570 2084; x_wconf 74' lang='lat' dir='ltr'><strong>Alemannis</strong></span> <span class='ocrx_word' id='word_1_132' title='bbox 587 2021 761 2103; x_wconf 88' lang='lat' dir='ltr'><strong>pecuniam</strong></span> <span class='ocrx_word' id='word_1_133' title='bbox 786 2021 982 2098; x_wconf 81' lang='lat' dir='ltr'><strong>maximam,</strong></span> <span class='ocrx_word' id='word_1_134' title='bbox 996 2041 1071 2084; x_wconf 90' lang='lat' dir='ltr'><strong>cum</strong></span> <span class='ocrx_word' id='word_1_135' title='bbox 1095 2041 1164 2104; x_wconf 91' lang='lat' dir='ltr'><strong>quo</strong></span> <span class='ocrx_word' id='word_1_136' title='bbox 1185 2023 1276 2103; x_wconf 91' lang='lat' dir='ltr'><strong>prius</strong></span> 
     </span>
     <span class='ocr_line' id='line_1_17' title="bbox 170 2122 1276 2210; baseline 0.002 -24"><span class='ocrx_word' id='word_1_137' title='bbox 170 2122 248 2187; x_wconf 87' lang='lat' dir='ltr'><strong>iecit</strong></span> <span class='ocrx_word' id='word_1_138' title='bbox 272 2122 368 2188; x_wconf 89' lang='lat' dir='ltr'><strong>fedus</strong></span> <span class='ocrx_word' id='word_1_139' title='bbox 390 2124 628 2202; x_wconf 86' lang='lat' dir='ltr'><strong>indissolubile,</strong></span> <span class='ocrx_word' id='word_1_140' title='bbox 645 2136 678 2190; x_wconf 91' lang='lat' dir='ltr'><strong>et</strong></span> <span class='ocrx_word' id='word_1_141' title='bbox 700 2126 800 2209; x_wconf 91' lang='lat' dir='ltr'><strong>paulo</strong></span> <span class='ocrx_word' id='word_1_142' title='bbox 817 2136 894 2210; x_wconf 88' lang='lat' dir='ltr'><strong>post</strong></span> <span class='ocrx_word' id='word_1_143' title='bbox 908 2135 1070 2191; x_wconf 89' lang='lat' dir='ltr'><strong>venerunt</strong></span> <span class='ocrx_word' id='word_1_144' title='bbox 1091 2126 1276 2209; x_wconf 84' lang='lat' dir='ltr'><strong>alienigene</strong></span> 
     </span>
     <span class='ocr_line' id='line_1_18' title="bbox 171 2227 1276 2315; baseline 0.003 -24"><span class='ocrx_word' id='word_1_145' title='bbox 171 2227 274 2311; x_wconf 87' lang='lat' dir='ltr'><strong>Regis</strong></span> <span class='ocrx_word' id='word_1_146' title='bbox 297 2229 430 2306; x_wconf 91' lang='lat' dir='ltr'><strong>inimici,</strong></span> <span class='ocrx_word' id='word_1_147' title='bbox 446 2239 481 2295; x_wconf 92' lang='lat' dir='ltr'><strong>et</strong></span> <span class='ocrx_word' id='word_1_148' title='bbox 499 2230 731 2314; x_wconf 91' lang='lat' dir='ltr'><strong>applicuerunt</strong></span> <span class='ocrx_word' id='word_1_149' title='bbox 755 2232 897 2296; x_wconf 88' lang='lat' dir='ltr'><strong>latenter</strong></span> <span class='ocrx_word' id='word_1_150' title='bbox 917 2231 1007 2315; x_wconf 90' lang='lat' dir='ltr'><strong>apud</strong></span> <span class='ocrx_word' id='word_1_151' title='bbox 1032 2231 1226 2308; x_wconf 90' lang='lat' dir='ltr'><strong>Douerram,</strong></span> <span class='ocrx_word' id='word_1_152' title='bbox 1243 2240 1276 2295; x_wconf 92' lang='lat' dir='ltr'><strong>et</strong></span> 
     </span>
     <span class='ocr_line' id='line_1_19' title="bbox 171 2333 1275 2418; baseline 0.001 -22"><span class='ocrx_word' id='word_1_153' title='bbox 171 2353 327 2415; x_wconf 86' lang='lat' dir='ltr'><strong>magnam</strong></span> <span class='ocrx_word' id='word_1_154' title='bbox 344 2343 473 2417; x_wconf 90' lang='lat' dir='ltr'><strong>partem</strong></span> <span class='ocrx_word' id='word_1_155' title='bbox 490 2333 558 2417; x_wconf 83' lang='lat' dir='ltr'><strong>igni</strong></span> <span class='ocrx_word' id='word_1_156' title='bbox 571 2333 836 2400; x_wconf 89' lang='lat' dir='ltr'><strong>combusserunt.</strong></span> <span class='ocrx_word' id='word_1_157' title='bbox 882 2336 939 2400; x_wconf 88' lang='lat' dir='ltr'><strong>Ex</strong></span> <span class='ocrx_word' id='word_1_158' title='bbox 956 2345 1035 2400; x_wconf 91' lang='lat' dir='ltr'><strong>tunc</strong></span> <span class='ocrx_word' id='word_1_159' title='bbox 1051 2335 1158 2401; x_wconf 88' lang='lat' dir='ltr'><strong>arcius</strong></span> <span class='ocrx_word' id='word_1_160' title='bbox 1174 2354 1275 2418; x_wconf 88' lang='lat' dir='ltr'><strong>quam</strong></span> 
     </span>
     <span class='ocr_line' id='line_1_20' title="bbox 170 2434 1275 2521; baseline 0.004 -23"><span class='ocrx_word' id='word_1_161' title='bbox 170 2436 260 2518; x_wconf 87' lang='lat' dir='ltr'><strong>prius</strong></span> <span class='ocrx_word' id='word_1_162' title='bbox 277 2434 354 2499; x_wconf 85' lang='lat' dir='ltr'><strong>lecit</strong></span> <span class='ocrx_word' id='word_1_163' title='bbox 371 2435 447 2498; x_wconf 90' lang='lat' dir='ltr'><strong>Rex</strong></span> <span class='ocrx_word' id='word_1_164' title='bbox 468 2436 628 2500; x_wconf 89' lang='lat' dir='ltr'><strong>custodiri</strong></span> <span class='ocrx_word' id='word_1_165' title='bbox 645 2437 858 2514; x_wconf 88' lang='lat' dir='ltr'><strong>maritimam,</strong></span> <span class='ocrx_word' id='word_1_166' title='bbox 873 2439 953 2521; x_wconf 90' lang='lat' dir='ltr'><strong>quia</strong></span> <span class='ocrx_word' id='word_1_167' title='bbox 970 2439 1092 2503; x_wconf 89' lang='lat' dir='ltr'><strong>ueritas</strong></span> <span class='ocrx_word' id='word_1_168' title='bbox 1108 2438 1170 2503; x_wconf 87' lang='lat' dir='ltr'><strong>luit</strong></span> <span class='ocrx_word' id='word_1_169' title='bbox 1185 2439 1275 2520; x_wconf 91' lang='lat' dir='ltr'><strong>quod</strong></span> 
     </span>
     <span class='ocr_line' id='line_1_21' title="bbox 172 2527 1424 2626; baseline 0.004 -23"><span class='ocrx_word' id='word_1_170' title='bbox 172 2539 288 2604; x_wconf 87' lang='lat' dir='ltr'><strong>Franci</strong></span> <span class='ocrx_word' id='word_1_171' title='bbox 312 2527 514 2623; x_wconf 76' lang='lat' dir='ltr'><strong>parauerunt</strong></span> <span class='ocrx_word' id='word_1_172' title='bbox 528 2540 591 2604; x_wconf 91' lang='lat' dir='ltr'><strong>sibi</strong></span> <span class='ocrx_word' id='word_1_173' title='bbox 609 2562 711 2606; x_wconf 88' lang='lat' dir='ltr'><strong>naues</strong></span> <span class='ocrx_word' id='word_1_174' title='bbox 727 2543 822 2626; x_wconf 89' lang='lat' dir='ltr'><strong>quasi</strong></span> <span class='ocrx_word' id='word_1_175' title='bbox 847 2542 993 2608; x_wconf 86' lang='lat' dir='ltr'><strong>infinitas</strong></span> <span class='ocrx_word' id='word_1_176' title='bbox 1016 2545 1058 2607; x_wconf 93' lang='lat' dir='ltr'><strong>ad</strong></span> <span class='ocrx_word' id='word_1_177' title='bbox 1076 2543 1274 2607; x_wconf 86' lang='lat' dir='ltr'><strong>vastandum</strong></span> <span class='ocrx_word' id='word_1_178' title='bbox 1290 2558 1342 2600; x_wconf 72' lang='lat' dir='ltr'><strong>me</strong></span> <span class='ocrx_word' id='word_1_179' title='bbox 1358 2557 1424 2608; x_wconf 76' lang='lat' dir='ltr'><strong>xrna</strong></span> 
     </span>
    </p>
   </div>
   <div class='ocr_carea' id='block_1_3' title="bbox 1290 2609 1425 2660">
    <p class='ocr_par' dir='ltr' id='par_1_4' title="bbox 1290 2609 1425 2660">
     <span class='ocr_line' id='line_1_22' title="bbox 1290 2609 1425 2660; baseline -0.007 -10"><span class='ocrx_word' id='word_1_180' title='bbox 1290 2609 1312 2650; x_wconf 83' lang='lat' dir='ltr'><strong>ia</strong></span> <span class='ocrx_word' id='word_1_181' title='bbox 1324 2612 1425 2660; x_wconf 75' lang='lat' dir='ltr'><strong>present</strong></span> 
     </span>
    </p>
   </div>
   <div class='ocr_carea' id='block_1_4' title="bbox 170 2643 1422 2751">
    <p class='ocr_par' dir='ltr' id='par_1_5' title="bbox 170 2643 1422 2751">
     <span class='ocr_line' id='line_1_23' title="bbox 170 2643 1422 2751; baseline 0.004 -44"><span class='ocrx_word' id='word_1_182' title='bbox 170 2653 291 2708; x_wconf 89' lang='lat' dir='ltr'><strong>terram</strong></span> <span class='ocrx_word' id='word_1_183' title='bbox 307 2643 441 2728; x_wconf 86' lang='lat' dir='ltr'><strong>Anglie.</strong></span> <span class='ocrx_word' id='word_1_184' title='bbox 488 2645 564 2709; x_wconf 88' lang='lat' dir='ltr'><strong>Rex</strong></span> <span class='ocrx_word' id='word_1_185' title='bbox 588 2667 668 2730; x_wconf 88' lang='lat' dir='ltr'><strong>ergo</strong></span> <span class='ocrx_word' id='word_1_186' title='bbox 689 2666 804 2711; x_wconf 91' lang='lat' dir='ltr'><strong>uersus</strong></span> <span class='ocrx_word' id='word_1_187' title='bbox 825 2647 1027 2711; x_wconf 88' lang='lat' dir='ltr'><strong>maritimam</strong></span> <span class='ocrx_word' id='word_1_188' title='bbox 1044 2668 1079 2710; x_wconf 89' lang='lat' dir='ltr'><strong>se</strong></span> <span class='ocrx_word' id='word_1_189' title='bbox 1094 2647 1227 2724; x_wconf 88' lang='lat' dir='ltr'><strong>direxit,</strong></span> <span class='ocrx_word' id='word_1_190' title='bbox 1242 2657 1276 2711; x_wconf 90' lang='lat' dir='ltr'><strong>et</strong></span> <span class='ocrx_word' id='word_1_191' title='bbox 1290 2659 1422 2751; x_wconf 48' lang='lat' dir='ltr'><strong>gssffigw</strong></span> 
     </span>
    </p>
   </div>
   <div class='ocr_carea' id='block_1_5' title="bbox 170 2747 1441 2861">
    <p class='ocr_par' dir='ltr' id='par_1_6' title="bbox 170 2747 1441 2861">
     <span class='ocr_line' id='line_1_24' title="bbox 170 2747 1441 2861; baseline 0.003 -51"><span class='ocrx_word' id='word_1_192' title='bbox 170 2747 318 2813; x_wconf 87' lang='lat' dir='ltr'><strong>interluit</strong></span> <span class='ocrx_word' id='word_1_193' title='bbox 333 2748 572 2833; x_wconf 89' lang='lat' dir='ltr'><strong>sollempnitati</strong></span> <span class='ocrx_word' id='word_1_194' title='bbox 594 2751 682 2835; x_wconf 87' lang='lat' dir='ltr'><strong>apud</strong></span> <span class='ocrx_word' id='word_1_195' title='bbox 702 2752 917 2817; x_wconf 91' lang='lat' dir='ltr'><strong>Cantuariam</strong></span> <span class='ocrx_word' id='word_1_196' title='bbox 933 2751 1068 2836; x_wconf 92' lang='lat' dir='ltr'><strong>quando</strong></span> <span class='ocrx_word' id='word_1_197' title='bbox 1087 2750 1276 2834; x_wconf 85' lang='lat' dir='ltr'><strong>Archiepis·</strong></span> <span class='ocrx_word' id='word_1_198' title='bbox 1290 2757 1441 2861; x_wconf 53' lang='lat' dir='ltr'><strong>pgptgssthe</strong></span> 
     </span>
    </p>
   </div>
   <div class='ocr_carea' id='block_1_6' title="bbox 170 2851 1440 2960">
    <p class='ocr_par' dir='ltr' id='par_1_7' title="bbox 170 2851 1440 2960">
     <span class='ocr_line' id='line_1_25' title="bbox 170 2851 1440 2960; baseline 0.021 -45"><span class='ocrx_word' id='word_1_199' title='bbox 170 2873 273 2934; x_wconf 89' lang='lat' dir='ltr'><strong>copus</strong></span> <span class='ocrx_word' id='word_1_200' title='bbox 291 2851 352 2918; x_wconf 89' lang='lat' dir='ltr'><strong>luit</strong></span> <span class='ocrx_word' id='word_1_201' title='bbox 369 2853 413 2917; x_wconf 93' lang='lat' dir='ltr'><strong>ibi</strong></span> <span class='ocrx_word' id='word_1_202' title='bbox 431 2854 657 2920; x_wconf 88' lang='lat' dir='ltr'><strong>intronizatus.</strong></span> <span class='ocrx_word' id='word_1_203' title='bbox 1290 2860 1440 2960; x_wconf 57' lang='lat' dir='ltr'><strong>ffiflbct‚</strong></span> 
     </span>
    </p>
   </div>
   <div class='ocr_carea' id='block_1_7' title="bbox 1291 2970 1348 3011">
    <p class='ocr_par' dir='ltr' id='par_1_8' title="bbox 1291 2970 1348 3011">
     <span class='ocr_line' id='line_1_26' title="bbox 1291 2970 1348 3011; baseline 0 -10"><span class='ocrx_word' id='word_1_204' title='bbox 1291 2970 1348 3011; x_wconf 68' lang='lat' dir='ltr'><strong>rm.</strong></span> 
     </span>
    </p>
   </div>
   <div class='ocr_carea' id='block_1_8' title="bbox 281 3108 1165 3196">
    <p class='ocr_par' dir='ltr' id='par_1_9' title="bbox 281 3108 1165 3196">
     <span class='ocr_line' id='line_1_27' title="bbox 281 3108 1165 3196; baseline 0.006 -24"><span class='ocrx_word' id='word_1_205' title='bbox 281 3123 328 3189; x_wconf 82' lang='lat'><strong>50.</strong></span> <span class='ocrx_word' id='word_1_206' title='bbox 375 3109 424 3172; x_wconf 84' lang='lat' dir='ltr'><strong>De</strong></span> <span class='ocrx_word' id='word_1_207' title='bbox 445 3109 588 3173; x_wconf 83' lang='lat' dir='ltr'><strong>aduentu</strong></span> <span class='ocrx_word' id='word_1_208' title='bbox 609 3108 749 3174; x_wconf 83' lang='lat' dir='ltr'><strong>duorum</strong></span> <span class='ocrx_word' id='word_1_209' title='bbox 771 3111 950 3195; x_wconf 77' lang='lat' dir='ltr'><strong>legatomm</strong></span> <span class='ocrx_word' id='word_1_210' title='bbox 974 3114 1008 3177; x_wconf 82' lang='lat' dir='ltr'><strong>in</strong></span> <span class='ocrx_word' id='word_1_211' title='bbox 1032 3113 1165 3196; x_wconf 81' lang='lat' dir='ltr'><strong>Anglia.</strong></span> 
     </span>
    </p>
   </div>
   <div class='ocr_carea' id='block_1_9' title="bbox 169 3253 1424 4384">
    <p class='ocr_par' dir='ltr' id='par_1_10' title="bbox 169 3253 1424 4384">
     <span class='ocr_line' id='line_1_28' title="bbox 236 3253 1424 3340; baseline 0.007 -24"><span class='ocrx_word' id='word_1_212' title='bbox 236 3253 388 3318; x_wconf 82' lang='lat' dir='ltr'><strong>Audiens</strong></span> <span class='ocrx_word' id='word_1_213' title='bbox 410 3255 566 3319; x_wconf 90' lang='lat' dir='ltr'><strong>dominus</strong></span> <span class='ocrx_word' id='word_1_214' title='bbox 587 3277 685 3339; x_wconf 90' lang='lat' dir='ltr'><strong>papa,</strong></span> <span class='ocrx_word' id='word_1_215' title='bbox 700 3260 791 3340; x_wconf 94' lang='lat' dir='ltr'><strong>quod</strong></span> <span class='ocrx_word' id='word_1_216' title='bbox 810 3259 976 3324; x_wconf 88' lang='lat' dir='ltr'><strong>discordia</strong></span> <span class='ocrx_word' id='word_1_217' title='bbox 996 3272 1083 3326; x_wconf 90' lang='lat' dir='ltr'><strong>esset</strong></span> <span class='ocrx_word' id='word_1_218' title='bbox 1108 3263 1192 3326; x_wconf 88' lang='lat' dir='ltr'><strong>inter</strong></span> <span class='ocrx_word' id='word_1_219' title='bbox 1207 3273 1277 3326; x_wconf 90' lang='lat' dir='ltr'><strong>tam</strong></span> <span class='ocrx_word' id='word_1_220' title='bbox 1293 3283 1359 3324; x_wconf 76' lang='lat' dir='ltr'><strong>now</strong></span> <span class='ocrx_word' id='word_1_221' title='bbox 1371 3287 1424 3324; x_wconf 68' lang='lat' dir='ltr'><strong>two</strong></span> 
     </span>
     <span class='ocr_line' id='line_1_29' title="bbox 170 3333 1386 3447; baseline 0.012 -27"><span class='ocrx_word' id='word_1_222' title='bbox 170 3359 374 3423; x_wconf 87' lang='lat' dir='ltr'><strong>excellentes</strong></span> <span class='ocrx_word' id='word_1_223' title='bbox 391 3359 501 3443; x_wconf 83' lang='lat' dir='ltr'><strong>Reges</strong></span> <span class='ocrx_word' id='word_1_224' title='bbox 517 3359 716 3426; x_wconf 90' lang='lat' dir='ltr'><strong>christianos</strong></span> <span class='ocrx_word' id='word_1_225' title='bbox 733 3361 859 3447; x_wconf 83' lang='lat' dir='ltr'><strong>Anglie</strong></span> <span class='ocrx_word' id='word_1_226' title='bbox 873 3376 907 3430; x_wconf 92' lang='lat' dir='ltr'><strong>et</strong></span> <span class='ocrx_word' id='word_1_227' title='bbox 925 3367 1071 3444; x_wconf 90' lang='lat' dir='ltr'><strong>Francie,</strong></span> <span class='ocrx_word' id='word_1_228' title='bbox 1089 3369 1177 3433; x_wconf 90' lang='lat' dir='ltr'><strong>misit</strong></span> <span class='ocrx_word' id='word_1_229' title='bbox 1193 3367 1278 3433; x_wconf 90' lang='lat' dir='ltr'><strong>duos</strong></span> <span class='ocrx_word' id='word_1_230' title='bbox 1292 3333 1386 3434; x_wconf 48' lang='lat'><strong>1232·</strong></span> 
     </span>
     <span class='ocr_line' id='line_1_30' title="bbox 171 3440 1417 3586; baseline 0.006 -61"><span class='ocrx_word' id='word_1_231' title='bbox 171 3462 298 3546; x_wconf 88' lang='lat' dir='ltr'><strong>legatos</strong></span> <span class='ocrx_word' id='word_1_232' title='bbox 343 3463 385 3528; x_wconf 91' lang='lat' dir='ltr'><strong>ad</strong></span> <span class='ocrx_word' id='word_1_233' title='bbox 437 3475 577 3547; x_wconf 82' lang='lat' dir='ltr'><strong>utraque</strong></span> <span class='ocrx_word' id='word_1_234' title='bbox 623 3487 725 3550; x_wconf 87' lang='lat' dir='ltr'><strong>regna</strong></span> <span class='ocrx_word' id='word_1_235' title='bbox 769 3467 812 3532; x_wconf 94' lang='lat' dir='ltr'><strong>ad</strong></span> <span class='ocrx_word' id='word_1_236' title='bbox 860 3469 1106 3536; x_wconf 80' lang='lat' dir='ltr'><strong>reformandum</strong></span> <span class='ocrx_word' id='word_1_237' title='bbox 1153 3440 1417 3586; x_wconf 45' lang='grc' dir='ltr'><strong>ρεεεῐηῖιῗὲξέἒοᾱ</strong></span> 
     </span>
     <span class='ocr_line' id='line_1_31' title="bbox 170 3563 1402 3658; baseline 0.006 -29"><span class='ocrx_word' id='word_1_238' title='bbox 170 3566 353 3631; x_wconf 87' lang='lat' dir='ltr'><strong>Venientes</strong></span> <span class='ocrx_word' id='word_1_239' title='bbox 383 3579 494 3633; x_wconf 90' lang='lat' dir='ltr'><strong>autem</strong></span> <span class='ocrx_word' id='word_1_240' title='bbox 534 3569 567 3633; x_wconf 93' lang='lat' dir='ltr'><strong>in</strong></span> <span class='ocrx_word' id='word_1_241' title='bbox 606 3570 767 3654; x_wconf 88' lang='lat' dir='ltr'><strong>Angliam</strong></span> <span class='ocrx_word' id='word_1_242' title='bbox 799 3572 832 3638; x_wconf 95' lang='lat' dir='ltr'><strong>in</strong></span> <span class='ocrx_word' id='word_1_243' title='bbox 863 3574 949 3638; x_wconf 88' lang='lat' dir='ltr'><strong>sesto</strong></span> <span class='ocrx_word' id='word_1_244' title='bbox 979 3575 1085 3640; x_wconf 91' lang='lat' dir='ltr'><strong>sancti</strong></span> <span class='ocrx_word' id='word_1_245' title='bbox 1115 3575 1349 3658; x_wconf 76' lang='lat' dir='ltr'><strong>Johannisuns·</strong></span> <span class='ocrx_word' id='word_1_246' title='bbox 1395 3563 1402 3584; x_wconf 83' lang='lat'>&#39;</span> 
     </span>
     <span class='ocr_line' id='line_1_32' title="bbox 172 3663 1279 3764; baseline 0.012 -31"><span class='ocrx_word' id='word_1_247' title='bbox 172 3669 324 3753; x_wconf 90' lang='lat' dir='ltr'><strong>Baptiste</strong></span> <span class='ocrx_word' id='word_1_248' title='bbox 344 3691 434 3736; x_wconf 91' lang='lat' dir='ltr'><strong>anno</strong></span> <span class='ocrx_word' id='word_1_249' title='bbox 455 3672 581 3736; x_wconf 90' lang='lat' dir='ltr'><strong>domini</strong></span> <span class='ocrx_word' id='word_1_250' title='bbox 605 3672 730 3738; x_wconf 88' lang='lat' dir='ltr'><strong>.m⁰.cc⁰.</strong></span> <span class='ocrx_word' id='word_1_251' title='bbox 754 3677 972 3760; x_wconf 85' lang='lat' dir='ltr'><strong>nonogesimo</strong></span> <span class='ocrx_word' id='word_1_252' title='bbox 992 3680 1119 3763; x_wconf 94' lang='lat' dir='ltr'><strong>quinto,</strong></span> <span class='ocrx_word' id='word_1_253' title='bbox 1134 3663 1279 3764; x_wconf 86' lang='lat' dir='ltr'><strong>suscepit</strong></span> 
     </span>
     <span class='ocr_line' id='line_1_33' title="bbox 170 3773 1278 3866; baseline 0.013 -31"><span class='ocrx_word' id='word_1_254' title='bbox 170 3793 228 3836; x_wconf 90' lang='lat' dir='ltr'><strong>eos</strong></span> <span class='ocrx_word' id='word_1_255' title='bbox 252 3773 339 3851; x_wconf 91' lang='lat' dir='ltr'><strong>Rex,</strong></span> <span class='ocrx_word' id='word_1_256' title='bbox 361 3775 476 3852; x_wconf 90' lang='lat' dir='ltr'><strong>clerus,</strong></span> <span class='ocrx_word' id='word_1_257' title='bbox 499 3786 533 3839; x_wconf 91' lang='lat' dir='ltr'><strong>et</strong></span> <span class='ocrx_word' id='word_1_258' title='bbox 556 3779 701 3860; x_wconf 92' lang='lat' dir='ltr'><strong>populus</strong></span> <span class='ocrx_word' id='word_1_259' title='bbox 724 3799 799 3843; x_wconf 91' lang='lat' dir='ltr'><strong>cum</strong></span> <span class='ocrx_word' id='word_1_260' title='bbox 824 3781 949 3862; x_wconf 85' lang='lat' dir='ltr'><strong>gaudio</strong></span> <span class='ocrx_word' id='word_1_261' title='bbox 980 3803 1112 3866; x_wconf 84' lang='lat' dir='ltr'><strong>magun,</strong></span> <span class='ocrx_word' id='word_1_262' title='bbox 1136 3795 1169 3849; x_wconf 91' lang='lat' dir='ltr'><strong>et</strong></span> <span class='ocrx_word' id='word_1_263' title='bbox 1202 3785 1278 3848; x_wconf 91' lang='lat' dir='ltr'><strong>Rex</strong></span> 
     </span>
     <span class='ocr_line' id='line_1_34' title="bbox 169 3885 1378 3972; baseline 0.012 -30"><span class='ocrx_word' id='word_1_264' title='bbox 169 3888 306 3943; x_wconf 88' lang='lat' dir='ltr'><strong>ostensa</strong></span> <span class='ocrx_word' id='word_1_265' title='bbox 335 3901 450 3945; x_wconf 90' lang='lat' dir='ltr'><strong>eorum</strong></span> <span class='ocrx_word' id='word_1_266' title='bbox 475 3891 642 3964; x_wconf 88' lang='lat' dir='ltr'><strong>potestate</strong></span> <span class='ocrx_word' id='word_1_267' title='bbox 668 3885 841 3968; x_wconf 91' lang='lat' dir='ltr'><strong>respondit</strong></span> <span class='ocrx_word' id='word_1_268' title='bbox 864 3907 900 3950; x_wconf 88' lang='lat' dir='ltr'><strong>se</strong></span> <span class='ocrx_word' id='word_1_269' title='bbox 923 3908 982 3970; x_wconf 90' lang='lat' dir='ltr'><strong>per</strong></span> <span class='ocrx_word' id='word_1_270' title='bbox 1004 3889 1117 3953; x_wconf 90' lang='lat' dir='ltr'><strong>omnia</strong></span> <span class='ocrx_word' id='word_1_271' title='bbox 1146 3910 1279 3954; x_wconf 90' lang='lat' dir='ltr'><strong>summo</strong></span> <span class='ocrx_word' id='word_1_272' title='bbox 1294 3907 1378 3972; x_wconf 81' lang='lat' dir='ltr'><strong>r.9ob</strong></span> 
     </span>
     <span class='ocr_line' id='line_1_35' title="bbox 170 3983 1280 4077; baseline 0.012 -32"><span class='ocrx_word' id='word_1_273' title='bbox 170 3983 320 4066; x_wconf 88' lang='lat' dir='ltr'><strong>pontifici</strong></span> <span class='ocrx_word' id='word_1_274' title='bbox 359 3985 392 4050; x_wconf 90' lang='lat' dir='ltr'><strong>in</strong></span> <span class='ocrx_word' id='word_1_275' title='bbox 430 3987 599 4051; x_wconf 92' lang='lat' dir='ltr'><strong>canonicis</strong></span> <span class='ocrx_word' id='word_1_276' title='bbox 629 3990 795 4073; x_wconf 88' lang='lat' dir='ltr'><strong>preceptis</strong></span> <span class='ocrx_word' id='word_1_277' title='bbox 826 3990 962 4056; x_wconf 88' lang='lat' dir='ltr'><strong>obedire</strong></span> <span class='ocrx_word' id='word_1_278' title='bbox 992 4003 1153 4076; x_wconf 87' lang='lat' dir='ltr'><strong>tanquam</strong></span> <span class='ocrx_word' id='word_1_279' title='bbox 1185 3995 1280 4077; x_wconf 87' lang='lat' dir='ltr'><strong>patri,</strong></span> 
     </span>
     <span class='ocr_line' id='line_1_36' title="bbox 170 4086 1279 4182; baseline 0.012 -33"><span class='ocrx_word' id='word_1_280' title='bbox 170 4086 257 4151; x_wconf 89' lang='lat' dir='ltr'><strong>etin</strong></span> <span class='ocrx_word' id='word_1_281' title='bbox 281 4089 437 4154; x_wconf 92' lang='lat' dir='ltr'><strong>omnibus</strong></span> <span class='ocrx_word' id='word_1_282' title='bbox 460 4093 627 4176; x_wconf 89' lang='lat' dir='ltr'><strong>responsis</strong></span> <span class='ocrx_word' id='word_1_283' title='bbox 651 4093 699 4158; x_wconf 87' lang='lat' dir='ltr'><strong>ita</strong></span> <span class='ocrx_word' id='word_1_284' title='bbox 721 4093 848 4176; x_wconf 91' lang='lat' dir='ltr'><strong>placuit</strong></span> <span class='ocrx_word' id='word_1_285' title='bbox 870 4096 917 4160; x_wconf 89' lang='lat' dir='ltr'><strong>eis</strong></span> <span class='ocrx_word' id='word_1_286' title='bbox 941 4099 1032 4182; x_wconf 90' lang='lat' dir='ltr'><strong>quod</strong></span> <span class='ocrx_word' id='word_1_287' title='bbox 1054 4101 1155 4164; x_wconf 91' lang='lat' dir='ltr'><strong>ambo</strong></span> <span class='ocrx_word' id='word_1_288' title='bbox 1178 4100 1279 4182; x_wconf 87' lang='lat' dir='ltr'><strong>legati</strong></span> 
     </span>
     <span class='ocr_line' id='line_1_37' title="bbox 169 4190 1280 4283; baseline 0.015 -30"><span class='ocrx_word' id='word_1_289' title='bbox 169 4190 360 4256; x_wconf 90' lang='lat' dir='ltr'><strong>lacrimasse</strong></span> <span class='ocrx_word' id='word_1_290' title='bbox 410 4194 616 4262; x_wconf 87' lang='lat' dir='ltr'><strong>dicebantur.</strong></span> <span class='ocrx_word' id='word_1_291' title='bbox 678 4197 944 4283; x_wconf 90' lang='lat' dir='ltr'><strong>Verumptamen</strong></span> <span class='ocrx_word' id='word_1_292' title='bbox 997 4204 1166 4269; x_wconf 90' lang='lat' dir='ltr'><strong>asserebat</strong></span> <span class='ocrx_word' id='word_1_293' title='bbox 1219 4225 1280 4270; x_wconf 89' lang='lat' dir='ltr'><strong>nec</strong></span> 
     </span>
     <span class='ocr_line' id='line_1_38' title="bbox 170 4297 1280 4384; baseline 0.015 -28"><span class='ocrx_word' id='word_1_294' title='bbox 170 4303 332 4376; x_wconf 87' lang='lat' dir='ltr'><strong>treugam,</strong></span> <span class='ocrx_word' id='word_1_295' title='bbox 348 4317 408 4360; x_wconf 90' lang='lat' dir='ltr'><strong>nec</strong></span> <span class='ocrx_word' id='word_1_296' title='bbox 429 4297 529 4362; x_wconf 88' lang='lat' dir='ltr'><strong>aliam</strong></span> <span class='ocrx_word' id='word_1_297' title='bbox 551 4299 643 4383; x_wconf 91' lang='lat' dir='ltr'><strong>pacis</strong></span> <span class='ocrx_word' id='word_1_298' title='bbox 665 4300 805 4366; x_wconf 82' lang='lat' dir='ltr'><strong>sormam</strong></span> <span class='ocrx_word' id='word_1_299' title='bbox 822 4307 1013 4384; x_wconf 86' lang='lat' dir='ltr'><strong>concedere,</strong></span> <span class='ocrx_word' id='word_1_300' title='bbox 1030 4307 1101 4371; x_wconf 92' lang='lat' dir='ltr'><strong>sine</strong></span> <span class='ocrx_word' id='word_1_301' title='bbox 1116 4329 1280 4373; x_wconf 88' lang='lat' dir='ltr'><strong>consensu</strong></span> 
     </span>
    </p>
   </div>
   <div class='ocr_carea' id='block_1_10' title="bbox 172 4395 1280 4494">
    <p class='ocr_par' dir='ltr' id='par_1_11' title="bbox 172 4395 1280 4494">
     <span class='ocr_line' id='line_1_39' title="bbox 172 4395 1280 4494; baseline 0.016 -34"><span class='ocrx_word' id='word_1_302' title='bbox 172 4395 275 4482; x_wconf 89' lang='lat' dir='ltr'><strong>Regis</strong></span> <span class='ocrx_word' id='word_1_303' title='bbox 291 4397 513 4484; x_wconf 87' lang='lat' dir='ltr'><strong>Alemannie;</strong></span> <span class='ocrx_word' id='word_1_304' title='bbox 536 4415 570 4468; x_wconf 89' lang='lat' dir='ltr'><strong>et</strong></span> <span class='ocrx_word' id='word_1_305' title='bbox 590 4404 706 4470; x_wconf 90' lang='lat' dir='ltr'><strong>audita</strong></span> <span class='ocrx_word' id='word_1_306' title='bbox 721 4410 938 4490; x_wconf 88' lang='lat' dir='ltr'><strong>responsione</strong></span> <span class='ocrx_word' id='word_1_307' title='bbox 956 4411 1059 4494; x_wconf 89' lang='lat' dir='ltr'><strong>Regis</strong></span> <span class='ocrx_word' id='word_1_308' title='bbox 1075 4423 1280 4479; x_wconf 88' lang='lat' dir='ltr'><strong>recesserunt</strong></span> 
     </span>
    </p>
   </div>
   <div class='ocr_carea' id='block_1_11' title="bbox 593 4564 866 4634">
    <p class='ocr_par' dir='ltr' id='par_1_12' title="bbox 593 4564 866 4634">
     <span class='ocr_line' id='line_1_40' title="bbox 593 4564 866 4634; baseline 0.007 -16"><span class='ocrx_word' id='word_1_309' title='bbox 593 4564 604 4598; x_wconf 84' lang='lat'>¹</span> <span class='ocrx_word' id='word_1_310' title='bbox 620 4567 750 4621; x_wconf 85' lang='lat' dir='ltr'><strong>Gilbertus</strong></span> <span class='ocrx_word' id='word_1_311' title='bbox 760 4577 794 4634; x_wconf 86' lang='lat' dir='ltr'><strong>et,</strong></span> <span class='ocrx_word' id='word_1_312' title='bbox 808 4571 866 4624; x_wconf 84' lang='lat' dir='ltr'><strong>MS.</strong></span> 
     </span>
    </p>
   </div>
   <div class='ocr_carea' id='block_1_12' title="bbox 0 0 1604 5102">
    <p class='ocr_par' dir='ltr' id='par_1_13' title="bbox 0 0 1604 5102">
     <span class='ocr_line' id='line_1_41' title="bbox 0 0 1604 5102; baseline 0 0"><span class='ocrx_word' id='word_1_313' title='bbox 0 0 1604 5102; x_wconf 95' lang='lat' dir='ltr'><strong> </strong></span> 
     </span>
    </p>
   </div>
  </div>
 </body>
</html>
