3222 5086
329 351 398 417 126
534 343 572 416 T
567 343 611 416 lre
626 343 715 439 sate
740 342 788 439 of
796 341 931 441 James
956 341 1016 414 the
1046 340 1231 440 Chaplaz'n
1312 339 1434 440 [Boou

322 549 400 592 cum
426 529 518 594 omni
545 528 762 593 festinacione
790 527 867 592 iecit
896 527 988 592 Prior
1012 528 1123 610 ipsum
1145 527 1312 609 Jacobum
1335 525 1432 590 citari

323 632 520 698 auctoritate
541 633 706 698 dictarum
728 632 906 698 literarum.
951 633 1147 716 Videasque
1167 633 1315 716 lacobus
1334 641 1368 695 et
1383 630 1430 713 hij

322 736 379 819 qui
401 747 496 801 erant
518 735 561 800 de
582 735 721 800 consilio
742 737 813 801 eius
831 737 921 818 ipsas
937 735 1176 819 appellacionis
1192 737 1305 802 literas
1321 735 1432 818 sigillo

323 841 450 907 domini
468 841 587 924 Legati
604 843 762 924 signatas,
776 842 992 906 uehementer
1007 844 1253 927 obstupuerunt
1264 844 1433 908 dicentes:

323 946 582 1030 Nuncijpn'oris
596 947 717 1030 aquilis
731 947 805 1012 bene
819 946 1002 1012 uolantibus
1016 957 1095 1012 sunt
1108 948 1282 1013 uelociores.

160 1086 213 1128 Th„
391 1051 563 1117 Predictus
590 1073 669 1117 uero
695 1053 841 1136 Jacobus
867 1053 1047 1117 defendere
1073 1074 1110 1118 se
1136 1053 1287 1117 nesciens
1316 1061 1434 1116 contra

122 1193 123 1196 κ
161 1137 301 1282 ξῖξὲὲἒὲ.
324 1156 515 1221 huiusmodi
538 1157 696 1234 cautelas,
717 1157 801 1221 infra
827 1177 951 1240 paucos
973 1155 1054 1236 dies,
1077 1167 1212 1240 propter
1235 1177 1330 1222 suam
1354 1177 1433 1221 con-

260 1239 504 1326 “tumaciam
522 1261 644 1344 pariter
659 1271 693 1325 et
705 1261 877 1340 offensam,
889 1261 1250 1327 excommunicacionis
1262 1261 1432 1326 sentencia

324 1377 375 1430 est
395 1367 582 1432 innodatus
630 1366 670 1430 In
692 1387 759 1449 qua
776 1367 955 1450 persistens
971 1389 1030 1451 per
1045 1367 1116 1432 dies
1132 1366 1355 1450 quadraginta
1371 1385 1433 1429 nec

324 1471 507 1555 appellauit
530 1493 590 1536 nec
612 1471 811 1536 beneficium
834 1471 1057 1536 absolucionis
1085 1472 1284 1554 impetrauit
1331 1468 1431 1552 Quod

324 1577 442 1641 uidens
474 1577 566 1641 Prior
601 1577 645 1640 ab
680 1577 838 1659 episcopo
870 1575 1088 1659 Norwycenci
1118 1575 1231 1640 literas
1263 1571 1433 1656 capcionis

248 1692 265 1744 l.
280 1705 310 1755 47
325 1682 478 1765 optinuit.
524 1681 615 1766 Quid
632 1681 750 1765 plura?
796 1682 876 1745 Post
892 1681 969 1744 dies
980 1681 1108 1764 aliquot
1124 1681 1216 1744 uenit
1233 1678 1373 1743 nuncius
1389 1678 1431 1743 ad

164 1815 212 1858 m.
326 1786 472 1850 Priorem
494 1787 551 1869 qui
572 1786 697 1851 diceret
718 1807 752 1850 se
774 1784 897 1850 uidisse
912 1786 1076 1868 Jacobum
1092 1785 1302 1868 capellanum
1319 1783 1433 1848 deam·

162 1865 287 2010 ἒῖἷὲἳὴῖῗ
325 1891 542 1955 bulantem
534 1911 566 1953 m
602 1889 723 1974 plateis
758 1889 980 1973 Cantebrigie,
1010 1899 1044 1954 et
1078 1889 1192 1954 statim
1229 1888 1319 1952 misit
1348 1888 1434 1952 duos

162 2017 255 2069 surge.
326 1995 504 2059 canonicos
531 2015 699 2058 unacum
728 1994 886 2057 ministris
911 1993 1115 2057 vicecomitis
1145 1994 1188 2056 ad
1216 1990 1433 2075 comprehen-

326 2099 474 2163 dendum
495 2119 580 2162 eum.
628 2100 908 2181 Inuenientesque
929 2119 1004 2162 eum
1022 2097 1320 2162 deambulantem
1311 2116 1343 2159 m
1359 2095 1435 2159 vico

324 2203 517 2286 Judeorum,
531 2204 641 2267 conati
658 2211 736 2267 sunt
752 2223 829 2266 eum
846 2201 1103 2285 apprehendere.
1134 2200 1184 2265 At
1199 2200 1262 2278 ille,
1275 2199 1435 2263 uelociter

326 2329 468 2384 currens,
490 2307 574 2391 fugit
597 2329 702 2391 usque
726 2309 758 2372 in
781 2307 954 2371 ecclesiam
978 2305 1116 2369 fratrum
1139 2305 1316 2368 Minorum.
1365 2302 1434 2386 Ipsi

327 2434 416 2490 uero,
432 2413 642 2495 insequentes
665 2433 751 2490 eum,
768 2420 969 2476 monuerunt
987 2419 1025 2474 ut
1040 2409 1148 2474 exiret
1163 2419 1197 2473 et
1213 2410 1342 2473 ueniret
1356 2429 1433 2472 cum

327 2520 382 2582 eis.
422 2517 489 2582 Sed
506 2517 560 2582 ille
576 2519 691 2582 renuit.
728 2517 780 2580 Illi
797 2518 957 2580 dixerunt
973 2514 1128 2578 fratribus
1146 2513 1331 2576 Minoribus
1343 2513 1433 2594 quod

326 2633 522 2689 amouerent
548 2643 634 2700 eum,
657 2643 697 2686 eo
724 2622 814 2704 quod
839 2620 1151 2686 excommunicatus
1174 2627 1269 2682 esset.
1314 2615 1364 2681 At
1387 2615 1434 2680 illi

328 2727 504 2792 dixerunt:
536 2726 579 2792 Si
603 2725 715 2789 sciatis
741 2725 846 2807 ipsum
873 2723 1180 2788 excommunicatum
1203 2721 1436 2804 consociatis

327 2853 385 2896 uos
406 2830 495 2914 quod
512 2829 664 2894 uideritir
685 2829 835 2912 etpedire.
884 2828 935 2891 Illi
958 2848 1038 2891 uero
1060 2827 1231 2892 uenientes
1253 2826 1435 2890 iniecerunt

329 2956 447 3000 manus
475 2937 507 2998 in
535 2955 621 3010 eum,
645 2945 679 2999 et
706 2942 930 2998 extraxerunt
956 2952 1016 3015 per
1039 2931 1142 3014 pedes
1164 2932 1207 2996 de
1230 2929 1378 3007 eeclesia,
1401 2938 1435 2993 et

329 3049 511 3124 posuerunt
541 3061 616 3104 eum
650 3041 683 3104 in
715 3058 889 3103 carcerem.
951 3036 1070 3121 lbique
1101 3034 1259 3101 remansit
1289 3032 1435 3098 inclusus

327 3165 501 3228 quousque
523 3144 646 3209 laceret
667 3164 784 3228 pacem
802 3163 878 3206 curn
896 3141 1009 3205 Priore
1024 3161 1083 3224 per
1098 3137 1289 3224 quindecim
1306 3156 1435 3202 marcas

328 3251 571 3334 sterlingorum.
604 3249 782 3314 Inueniens
798 3247 1010 3312 securitatem
1028 3243 1170 3309 multum
1188 3240 1332 3328 penituit
1343 3241 1434 3324 quod

327 3375 348 3419 a
362 3355 589 3420 'conuencione
606 3357 713 3439 prima
729 3353 875 3418 resiliuit.

502 3609 551 3676 37.
597 3593 650 3657 De
670 3592 812 3676 quodam
829 3589 996 3675 palefrido
1018 3590 1095 3653 dato
1117 3587 1259 3651 Domino

683 3697 714 3782 J
716 3695 866 3783 [ohanm]
889 3694 929 3758 de
949 3695 1070 3777 Burgo

165 3901 284 3945 nonus
395 3877 561 3942 Dominus
580 3876 751 3958 Johannes
773 3875 815 3940 de
837 3875 950 3956 Burgo
971 3873 1089 3950 senior,
1105 3873 1162 3956 qui
1186 3878 1257 3935 erat
1279 3869 1437 3934 dominus

163 3952 300 4046 mm*
328 3981 509 4067 aliquando
531 3981 668 4046 manerii
689 3981 780 4064 quod
801 3979 957 4044 dominus
979 3978 1147 4042 Robertus
1163 3976 1314 4058 Typetot
1334 3975 1438 4039 modo

163 4065 246 4096 worn·
247 4058 291 4096 out

163 4104 270 4196 hglqedtg
329 4097 422 4154 tenet
443 4089 475 4150 in
499 4087 710 4164 Herlestone,
727 4086 817 4149 misit
837 4086 880 4148 ad
899 4083 1044 4148 Priorem
1061 4081 1244 4165 Jolanum
1235 4100 1269 4142 m
1285 4089 1437 4162 tempore

162 4255 232 4297 ww
187 4205 317 4298 ωιοῶἓῆ
329 4192 574 4257 turbacionisvt
584 4190 819 4254 accomodaret
828 4189 1033 4272 eiquendam
1045 4207 1168 4270 equum
1179 4184 1222 4249 ad
1234 4182 1436 4267 portandum

162 4305 309 4359 thereupon
329 4298 516 4362 hernesium
539 4315 636 4358 suum
657 4315 763 4377 usque
784 4294 826 4357 ad
847 4303 975 4357 certum
998 4292 1117 4356 locum.
1164 4289 1257 4354 Prior
1272 4307 1352 4351 uero
1368 4307 1435 4351 non

328 4402 444 4468 habuit
464 4413 545 4468 tunc
565 4399 726 4486 temporis
741 4399 873 4486 copiam
889 4416 1053 4480 equorum
1069 4402 1205 4478 propter
1220 4391 1436 4475 depredatio
