3188 5078
360 377 433 448 304
718 355 756 428 T
750 364 881 429 enanis
907 355 949 426 in
976 355 1127 429 Barton
1353 353 1475 453 [Boou

358 541 525 623 predictos
548 543 716 618 terminos,
741 543 827 606 sicut
860 542 1028 608 Henricus
1050 541 1142 626 Toly
1172 541 1259 619 facit,
1285 551 1321 606 et
1351 541 1476 606 sacient

358 645 494 710 easdem
517 666 636 730 operas
667 647 752 710 sicut
779 645 947 711 Henricus
977 646 1073 731 Toly.
1120 645 1166 712 Et
1197 645 1366 710 Ricardus
1392 647 1474 711 Mile

357 769 461 833 usque
483 752 525 815 ad
555 751 677 818 Gulam
701 751 857 834 Augusti.
906 751 992 817 Item
1023 773 1043 816 a
1066 750 1155 816 Gula
1179 751 1326 834 Augusti
1351 772 1414 834 per
1435 774 1473 816 ‚u

358 857 563 938 septimanas
586 858 762 940 autumpni
778 857 833 939 iij.
853 877 981 940 operas,
997 868 1031 921 et
1053 867 1139 941 post,
1153 877 1258 940 vsque
1278 855 1323 920 ad
1348 855 1471 920 fustium

358 959 472 1025 Sancti
492 961 675 1038 Michaelis,
691 961 841 1045 qualibet
861 963 1050 1046 septimana
1065 962 1106 1045 .ij.
1123 982 1251 1045 operas,
1265 961 1330 1024 nisi
1347 959 1471 1024 festum

357 1063 552 1146 impedierit
599 1065 645 1129 Et
675 1065 718 1128 ad
749 1066 891 1148 primam
922 1066 1106 1148 precariam
1138 1065 1171 1128 in
1198 1073 1389 1147 autumpno
1421 1065 1471 1146 .vj.
1565 1109 1567 1140 ,

356 1167 508 1232 homines
530 1169 601 1232 sine
620 1169 705 1246 cibo,
726 1178 759 1232 et
781 1169 824 1233 ad
846 1170 1029 1234 secundam
1046 1169 1228 1254 precariam
1245 1167 1300 1250 .vj.
1315 1169 1472 1232 homines
1565 1223 1567 1260 ξ

356 1270 399 1335 ad
416 1269 527 1334 cibum
544 1273 671 1337 domini
690 1272 818 1336 Prioris.
1565 1263 1567 1290 ⁵

423 1375 469 1439 Et
493 1377 746 1441 memorandum
770 1377 861 1460 quod
892 1377 1033 1460 predicti
1058 1375 1251 1459 customarij
1275 1375 1406 1441 debent
1428 1377 1469 1440 ad

357 1481 519 1544 auxilium
557 1481 685 1545 domini
725 1482 846 1546 Prioris
880 1483 923 1545 ad
955 1482 1077 1546 festum
1108 1483 1233 1546 Sancte
1264 1481 1472 1546 Etheldrede
1565 1543 1566 1552 ἶ

358 1585 506 1669 Virginis
529 1586 592 1669 iiij.
617 1585 750 1663 solidos,
777 1597 811 1650 et
832 1587 924 1669 quod
948 1586 1144 1651 herciabunt
1166 1607 1225 1669 per
1250 1607 1356 1650 vnum
1380 1588 1469 1652 diem
1565 1595 1567 1676 ξ

358 1699 508 1773 tempore
520 1689 674 1774 hyemali,
686 1701 720 1755 et
732 1711 791 1774 per
802 1712 905 1754 vnum
917 1693 1007 1755 diem
1023 1701 1175 1774 tempore
1185 1691 1470 1774 quadragesimali
1565 1683 1567 1776 ξ

358 1794 547 1876 sumptibus
568 1793 635 1857 suis
656 1794 799 1878 proprijs
820 1795 847 1858 si
866 1793 1013 1858 habeant
1034 1815 1158 1878 equum
1174 1815 1272 1858 suum
1288 1795 1471 1878 proprium,
1565 1781 1567 1854 ἶ

358 1906 392 1960 et
407 1897 591 1961 auerabunt
608 1897 703 1962 sicuti
720 1898 873 1963 homines
889 1899 1017 1963 domini
1034 1899 1167 1964 Thorne
1183 1899 1349 1963 Maunsei.
1565 1885 1566 1888 ¹

1031 2000 1172 2066 Summa
1188 2021 1252 2065 κν.
1269 1999 1369 2064 solidi
1385 1999 1469 2083 ,iijd

845 2104 1079 2188 S‘ummaiiiij.
1095 2105 1193 2170 solidi
1209 2105 1283 2188 .in
1297 2104 1352 2171 ob.
1369 2106 1469 2189 quad.
1565 2189 1566 2200 ἵ

424 2317 474 2365 21.
519 2300 686 2367 Redditus
725 2301 879 2367 annualis
919 2303 962 2368 de
1000 2301 1300 2386 perquisicionibus
1338 2302 1467 2368 domini

357 2419 500 2485 Galsridi
523 2419 687 2486 London:

544 2599 707 2665 Redditus
728 2601 926 2665 determino
948 2600 1067 2666 Sancti
1087 2600 1269 2666 Michaelis.

423 2747 476 2812 De
491 2749 661 2814 Willelmo
676 2748 745 2813 filio
760 2750 888 2813 Warini
905 2749 946 2814 ad
967 2750 1090 2832 Ripam
1107 2747 1160 2832 iij.
1176 2747 1309 2813 solidos

422 2851 476 2916 De
511 2852 630 2917 eodem
670 2853 847 2932 Wiilelmo,
885 2854 928 2918 ad
966 2855 1143 2919 seruicium
1181 2853 1309 2918 domini
1354 2854 1467 2938 Regis,
1565 2845 1567 2928 ξ

356 2957 586 3040 quadrantem.

422 3061 476 3126 De
505 3061 653 3126 Henrico
677 3062 845 3128 aurifabro
872 3086 932 3147 pro
962 3073 1050 3129 terra
1075 3062 1217 3128 Gaiiridi
1244 3064 1410 3148 Deuenys
1438 3065 1466 3146 .j.

355 3166 537 3232 denarium.

421 3271 475 3335 De
489 3271 644 3354 Johanne
661 3271 796 3356 Mareys
813 3273 843 3356 .j.
859 3273 1041 3337 denarium.

422 3374 475 3438 De
492 3374 640 3457 Hugone
657 3376 811 3459 Fleming
826 3377 857 3459 .j.
874 3377 1057 3441 denarium.

421 3479 475 3543 De
492 3478 641 3543 Henrico
661 3478 827 3545 aurifabro
848 3502 909 3564 pro
930 3491 1017 3546 terra
1035 3481 1172 3545 Henrici
1194 3479 1225 3544 ie
1246 3479 1346 3546 Child
1361 3482 1392 3565 .j.
1409 3483 1465 3546 de·
1566 3563 1567 3566 Ἴ

355 3603 494 3649 narrum.

420 3690 473 3754 De
487 3689 637 3772 Symone
646 3690 689 3754 de
700 3690 834 3755 Brunne
843 3691 886 3780 de
896 3691 1123 3756 Cumbertone
1134 3711 1196 3774 pro
1205 3700 1293 3755 terra
1303 3689 1465 3757 Willelmi

355 3795 470 3859 Warin
487 3794 516 3878 .j.
532 3793 714 3860 denarium.

421 3899 474 3963 De
490 3899 641 3981 Symone
660 3899 703 3963 de
724 3899 796 3963 Len
817 3899 861 3964 de
882 3899 1098 3983 Cantebrigia
1114 3920 1176 3983 pro
1190 3909 1278 3965 terra
1299 3899 1466 3982 Johannis

355 4005 386 4070 le
401 4003 500 4070 Child
515 4004 545 4087 .j.
562 4003 743 4068 denarium.
