3192 5102
371 422 439 489 262
691 415 887 490 Hundred
909 416 959 513 of
975 415 1108 490 Staz'ne
1353 413 1473 512 [Boou

369 603 586 687 W[iiielmus]
616 603 716 668 debet
747 603 775 685 .j.
806 613 942 679 sectam,
972 611 1006 666 et
1041 601 1083 666 de
1113 601 1242 666 auxilio
1271 600 1474 665 vicecomitis

368 708 469 772 .xviii.
484 707 647 772 denarios.
693 707 779 773 Cla'r‘.
827 706 958 770 Ibidem
983 705 1124 770 Brianus
1147 705 1233 770 filius
1257 706 1360 770 Alani
1385 713 1475 771 tenet

367 812 397 895 .j.
413 812 528 877 hidam
544 822 630 877 terre
646 832 707 896 pro
722 809 777 875 .xl.
794 819 889 894 parte
904 809 993 874 Ieodi
1009 810 1139 875 dimidii
1161 811 1276 875 militis
1291 811 1335 874 de
1350 810 1475 873 honore

370 917 550 984 Britannie.
591 916 720 981 ibidem
738 917 771 980 iu
789 915 909 999 Queye
923 925 1002 980 sunt
1018 916 1071 998 iij.
1086 916 1164 980 hide
1180 926 1214 980 et
1225 917 1367 980 dimidia
1382 924 1417 980 et
1433 935 1474 976 ‚x

368 1042 444 1087 acre
466 1031 551 1086 terre
573 1021 757 1103 geldabiles
780 1032 814 1085 et
829 1021 880 1104 .vj.
896 1020 975 1085 hide
997 1030 1083 1085 terre
1105 1031 1139 1086 et
1161 1021 1301 1085 dimidia
1322 1021 1365 1084 de
1381 1019 1472 1082 Iiber-

368 1133 451 1192 tate¹
477 1127 624 1210 Elyensi.
1574 1181 1575 1184 ,

443 1230 648 1296 Wilburluzm
672 1231 792 1316 [Littie
812 1230 1042 1314 Wilbraham].
1089 1231 1278 1294 Willelmus
1293 1227 1475 1293 Telemach

368 1343 461 1399 tenet
484 1333 619 1398 Ieodum
647 1333 676 1416 .j.
701 1334 815 1398 militis
838 1343 872 1397 et
904 1334 1069 1398 Martinus
1100 1333 1310 1398 Camerarius
1341 1330 1475 1395 feodum

367 1437 498 1503 dimidii
529 1437 643 1503 militis
673 1438 716 1502 de
747 1437 881 1504 Comite
913 1437 1058 1502 Oxonie.
1104 1438 1256 1522 Rogerus
1286 1436 1318 1501 le
1343 1434 1476 1499 Louerd
1574 1467 1575 1480 κ

369 1542 470 1608 debet
485 1541 514 1625 .j.
531 1552 658 1607 sectam
679 1562 741 1626 pro
761 1551 834 1607 tota
849 1540 937 1618 villa,
952 1551 987 1606 et
1007 1542 1109 1606 debet
1123 1541 1203 1606 vilia
1218 1561 1277 1625 per
1292 1559 1420 1604 annum
1436 1537 1478 1601 de

369 1646 497 1712 auxilio
506 1647 711 1712 vicecomitis
728 1645 827 1729 hijs„
839 1657 874 1710 et
889 1646 1014 1712 ibidem
1028 1655 1107 1710 sunt
1118 1645 1183 1728 iiij.
1196 1645 1274 1710 hide
1284 1643 1478 1728 geldabiles
1574 1637 1575 1644 '

370 1752 458 1818 clar.

446 1853 651 1921 Wildurham
674 1855 777 1938 Regis
802 1853 921 1939 [Great
952 1851 1184 1937 Wilbraham].
1239 1853 1410 1916 Robertus
1435 1850 1479 1913 de
1574 1863 1575 1868 ’

373 1959 488 2025 Insula
525 1971 616 2026 tenet
646 1961 687 2043 .ij.
718 1961 814 2025 hidas
849 1969 935 2025 terre
970 1960 1013 2024 de
1047 1961 1173 2024 honore
1211 1956 1384 2022 Britannic
1415 1975 1480 2039 -per

370 2065 551 2149 socagium.
598 2065 762 2130 Radulsus
789 2065 875 2129 filius
906 2065 1046 2129 fulconis
1076 2073 1169 2129 tenet
1191 2063 1247 2128 .xl.
1270 2083 1364 2127 acras
1395 2071 1481 2124 terre

370 2169 495 2234 ibidem
511 2170 555 2234 de
572 2170 697 2234 honore
714 2169 885 2234 Britannie
901 2190 961 2252 per
974 2169 1154 2253 socagium.
1203 2168 1297 2231 Idem
1314 2165 1481 2230 Raduisus

370 2273 471 2338 debet
501 2276 544 2338 de
574 2274 703 2339 auxilio
732 2274 937 2338 vicecomitis
968 2293 1028 2357 per
1057 2293 1182 2336 annum
1199 2271 1273 2336 .x.d.
1319 2271 1365 2335 Et
1390 2270 1480 2334 idem

372 2377 537 2444 Radulsus
559 2389 594 2443 et
615 2379 786 2462 johannes
809 2377 896 2442 filius
922 2377 1059 2443 Henrici
1082 2387 1199 2442 teuent
1212 2377 1242 2458 .j.
1257 2375 1373 2440 hidam
1394 2384 1481 2438 terre

371 2481 582 2565 geldabilem.
629 2481 675 2546 Et
696 2481 878 2565 Templarii
901 2489 935 2545 et
955 2478 1144 2544 Willelmus
1170 2479 1268 2544 Pikot
1292 2487 1409 2544 tenent
1429 2477 1480 2540 iii.

370 2585 466 2650 hidas
504 2596 589 2651 terre
627 2607 693 2650 uon
724 2583 916 2670 geldabiles,
947 2595 981 2650 et
1019 2585 1110 2650 nulla
1148 2593 1239 2648 secta
1275 2584 1417 2649 debetur
1446 2584 1479 2645 in

372 2689 593 2756 Wilburham.

439 2794 619 2878 Swasham
653 2795 854 2879 [Swaflham
891 2796 1063 2880 BulbeckJ.
1124 2795 1304 2861 Comitissa
1343 2794 1479 2860 Oxonie

372 2907 464 2962 tenet
495 2898 629 2962 feodum
656 2898 685 2979 .j.
714 2899 828 2962 militis
858 2900 901 2962 de
932 2899 1057 2963 honore
1083 2897 1125 2962 de
1156 2898 1254 2964 Clare
1283 2905 1319 2961 et
1348 2897 1478 2961 nullum

372 3003 482 3068 reddit
501 3005 697 3086 scutagium.
745 3005 876 3069 ibidem
892 3005 993 3069 debet
1009 3003 1196 3068 Willelmus
1216 3003 1303 3066 filius
1324 3001 1479 3084 Mayneri

372 3109 402 3191 .j.
432 3119 567 3173 sectam.
623 3109 794 3174 Galsridus
829 3110 871 3173 ad
908 3110 1076 3174 sordbram
1114 3107 1243 3193 [debet]
1278 3106 1307 3190 .j.
1342 3115 1478 3171 sectam.

256 3223 272 3273 f.
291 3213 540 3286 151bMartinus
571 3213 601 3277 le
629 3213 739 3278 Blund
764 3215 866 3279 debet
894 3214 922 3296 .j.
949 3225 1075 3279 sectam
1100 3225 1134 3277 et
1160 3213 1323 3277 Ricardus
1352 3212 1419 3275 But
1445 3220 1480 3274 et
1574 3291 1575 3298 ἶ

372 3318 551 3402 participes
573 3317 623 3381 sui
647 3317 675 3400 .j.
697 3328 832 3383 sectam.
880 3319 1009 3383 Ibidem
1033 3319 1158 3382 debent
1178 3317 1221 3382 de
1244 3316 1371 3381 auxilio
1392 3317 1479 3380 vice-

371 3423 503 3487 comitis
534 3421 622 3504 .vij.s.
658 3423 732 3487 .x.d.
763 3445 822 3507 per
855 3444 989 3488 annum.
1048 3423 1178 3487 Ibidem
1214 3432 1293 3486 sunt
1327 3444 1369 3486 .x.
1400 3421 1479 3485 hide

372 3526 563 3611 geldabiles.
610 3527 696 3592 Clai.

436 3631 520 3695 Alia
536 3631 714 3713 Swafham
734 3630 934 3715 [Swaffham
952 3630 1067 3715 Prior}
1114 3631 1219 3715 Hugo
1234 3631 1277 3695 de
1293 3631 1477 3696 Crawdene

372 3745 465 3802 tenet
481 3735 616 3800 feodum
637 3736 666 3819 .j.
683 3735 798 3800 militis
813 3734 855 3800 de
869 3735 976 3801 feodo
994 3737 1161 3800 Hamonis
1180 3735 1315 3811 Pecche,
1331 3745 1365 3799 et
1385 3744 1478 3800 tenet

371 3842 400 3924 .j.
424 3842 538 3906 hidam
563 3850 597 3904 et
619 3839 648 3923 .j.
668 3841 881 3924 quarterium.
928 3840 1024 3906 Idem
1047 3841 1152 3924 Hugo
1172 3840 1274 3904 debet
1295 3839 1324 3923 .j.
1342 3849 1479 3916 sectam,

373 3949 475 4013 etde
501 3947 629 4011 auxilio
655 3947 858 4012 vicecomitis
889 3968 947 4032 per
978 3967 1102 4010 annum
1135 3944 1234 4029 .xijd,
1263 3945 1299 4009 B.
1347 3943 1476 4008 Ibidem

373 4051 566 4116 Eborardus
596 4049 627 4114 le
658 4049 826 4135 Franceys
858 4051 959 4115 debet
989 4049 1018 4133 .j.
1048 4059 1185 4126 sectam,
1210 4058 1245 4113 et
1276 4047 1319 4113 de
1350 4049 1477 4114 auxilio

372 4156 576 4220 vicecomitis
592 4154 689 4238 .xij.d.
707 4175 914 4238 perannum,
930 4163 964 4218 et
978 4163 1071 4218 tenet
1086 4154 1114 4218 .i.
1130 4153 1252 4217 hidam.
1271 4151 1307 4217 B.
1346 4153 1476 4219 Ibidem

371 4261 400 4343 J.
411 4260 498 4324 filius
510 4259 704 4341 Baldewyni
720 4258 821 4324 debet
837 4259 865 4341 .j.
882 4269 1007 4322 sectam
1023 4257 1115 4322 etde
1131 4257 1259 4321 auxilio
1274 4257 1478 4323 vicecomitis

372 4365 437 4448 ijs.
465 4385 524 4447 per
546 4383 682 4428 annum.
727 4363 814 4429 Cla‘r‘.
861 4363 991 4428 Ibidem
1022 4363 1207 4426 Herbertus
1229 4361 1272 4425 de
1299 4362 1477 4427 Alenchun

828 4486 836 4518 ¹
855 4487 943 4548 libero,
958 4485 1013 4537 MS.
