3192 5102
370 368 443 440 250
689 345 887 420 Haudraed
905 345 956 444 of
979 345 1017 419 T
1012 345 1146 442 riplow
1357 343 1473 443 [soon
1569 445 1571 476 Ι

366 531 466 595 leodo
483 531 631 614 Elyensi,
650 541 684 596 et
699 531 802 597 debet
821 530 851 614 .j.
867 541 1003 606 sectam,
1018 541 1053 595 et
1068 531 1111 595 de
1125 531 1255 594 auxilio
1269 532 1475 595 vicecomitis

369 634 478 699 nichil.
521 634 694 717 Johannes
718 634 748 700 le
765 635 893 718 Moyne
913 635 1015 702 debet
1037 635 1066 717 .j.
1083 645 1209 700 sectam
1231 655 1293 718 pro
1313 637 1474 718 episcopo

368 737 505 820 Elyensi
521 739 613 802 etde
629 740 756 804 auxilio
771 740 976 805 vicecomitis
996 739 1106 804 nichil.
1153 737 1284 804 Ibidem
1304 740 1475 823 Johannes

366 839 455 904 filius
478 841 642 906 Nicholae
665 843 695 908 le
716 843 844 926 Moyne
863 854 956 908 tenet
970 843 1012 926 ij.
1028 843 1125 908 hidas
1140 854 1227 907 terre
1248 852 1283 907 et
1298 843 1474 908 dimidiam

368 967 426 1030 per
448 947 643 1012 serianciam
663 947 707 1012 de
726 948 866 1014 domino
888 947 983 1032 Rege
997 957 1032 1012 et
1048 967 1115 1012 non
1135 957 1214 1011 sunt
1233 948 1429 1032 geldabiles,
1443 958 1475 1012 et

367 1071 435 1114 non
451 1050 552 1114 debet
567 1053 731 1116 auxilium
748 1052 982 1136 [vicecomitis]
998 1073 1106 1136 noque
1121 1063 1256 1116 sectam.

437 1155 468 1218 T
466 1155 633 1238 mpprlowe
647 1154 833 1241 [Triplow].
879 1157 1062 1221 Nicholaus
1077 1157 1120 1221 de
1137 1157 1321 1241 Barington
1338 1167 1433 1222 tenet
1446 1158 1474 1240 .j.

366 1259 481 1324 hidam
498 1269 583 1324 terre
598 1261 641 1324 dc
661 1261 761 1326 feodo
782 1262 824 1327 dc
847 1261 1032 1327 Mandeuill
1052 1263 1265 1346 geldabilem,
1280 1274 1316 1327 et
1331 1263 1434 1328 debet
1448 1266 1475 1326 .i.

367 1377 503 1442 sectam,
517 1376 551 1430 et
574 1365 616 1431 de
639 1369 768 1432 auxilio
790 1370 995 1433 vicecomitis
1018 1367 1127 1432 nichil.
1175 1368 1304 1433 lbidem
1326 1369 1475 1434 Thomas

368 1472 453 1537 lilius
480 1472 616 1536 Henrici
641 1473 742 1538 debet
770 1474 797 1556 .j.
825 1482 962 1551 sectam,
988 1472 1091 1537 etde
1117 1474 1246 1538 auxilio
1273 1475 1475 1538 vicecomitis
1572 1513 1573 1518 κ

368 1577 477 1654 nichil,
489 1587 610 1642 etsunt
621 1579 745 1644 ibidem
756 1579 818 1661 .vij.
830 1578 1111 1662 hidegeldabiles
1136 1577 1475 1662 lbidemJ[ohannes]
1572 1579 1573 1582 ’

368 1683 410 1745 de
427 1680 583 1746 Scalariis
598 1682 699 1746 debet
714 1683 743 1766 .j.
759 1693 896 1759 sectam,
912 1693 945 1748 et
961 1684 1003 1747 de
1018 1683 1147 1746 auxilio
1163 1682 1271 1746 nichil.

433 1787 584 1852 Fulmere
612 1787 819 1873 [Foulmire].
865 1789 1055 1854 Willelmus
1082 1789 1169 1853 filius
1197 1788 1357 1854 Richardi
1385 1798 1477 1853 tenet

367 1890 502 1956 feodum
520 1892 649 1957 dimidii
667 1893 783 1957 militis
798 1895 841 1958 de
860 1893 999 1958 baronia
1016 1893 1151 1957 Ricardi
1172 1893 1214 1957 de
1232 1891 1428 1968 Munfichet‚
1444 1903 1476 1956 et

368 1995 491 2060 ibidem
508 1996 609 2059 debet
624 1997 654 2078 .j.
670 2007 795 2062 sectam
812 2018 913 2080 quarn
928 1997 1086 2061 Warinus
1102 1995 1188 2061 filius
1205 1996 1327 2080 Sweyn
1345 1995 1433 2073 iacit,
1445 2006 1478 2060 ct

367 2102 410 2165 dc
426 2100 553 2164 auxilio
568 2101 774 2166 vicecomitis
790 2123 884 2166 .xx.s.
901 2123 960 2186 per
975 2123 1109 2165 annum.

432 2205 555 2270 Foxton
571 2205 615 2289 [F
616 2204 746 2289 oxton].
794 2205 977 2271 Abbatissa
993 2207 1036 2270 dc
1048 2207 1203 2272 Chateriz
1218 2207 1320 2272 debet
1336 2228 1398 2291 pro
1413 2206 1478 2289 iiij.

369 2320 462 2394 parte
478 2311 506 2374 .i.
520 2310 634 2374 militis
650 2332 723 2388 .v.s.,
738 2322 772 2375 et
788 2311 817 2395 .j.
832 2312 1036 2396 quarterium
1054 2310 1210 2376 frumenti
1226 2333 1288 2397 pro
1303 2322 1396 2377 secta
1410 2333 1480 2377 sua.

371 2414 500 2478 lbidem
517 2415 687 2480 Galsridus
702 2416 745 2480 de
763 2416 882 2480 Bancis
899 2426 991 2481 tenet
1007 2416 1034 2500 .j.
1052 2417 1166 2482 hidam
1183 2427 1269 2481 terre
1289 2417 1333 2481 de
1354 2417 1480 2482 honore

370 2520 593 2584 Richmondic
622 2531 656 2585 et
683 2542 751 2585 non
778 2531 830 2585 cst
855 2521 1042 2604 geldabilis,
1068 2531 1102 2587 et
1129 2543 1197 2587 non
1223 2522 1325 2587 debet
1352 2532 1478 2588 sectam

370 2647 476 2710 neque
500 2627 665 2691 auxilium
682 2613 896 2692 vicecomitis.

434 2729 605 2795 Herleston
622 2731 812 2815 [Harstonl
858 2732 1030 2816 Johannes
1046 2734 1089 2797 de
1106 2731 1218 2815 Burgo
1233 2739 1327 2794 tenet
1342 2729 1479 2795 feodum

369 2838 399 2919 .j.
431 2835 546 2900 militis
576 2836 619 2900 de
649 2835 748 2900 feodo
779 2839 927 2920 episcopi
961 2837 1127 2920 Elyensis‚
1157 2845 1191 2900 et
1221 2834 1347 2899 nullam
1379 2835 1481 2899 debet

370 2949 505 3016 sectam,
521 2959 628 3021 neque
645 2939 810 3002 auxilium
827 2941 1042 3004 vicecomitis.
1089 2938 1218 3002 Ibidem
1243 2935 1415 3002 Gallridus
1438 2938 1480 3001 de

371 3044 527 3109 Scalariis
553 3052 645 3106 tenet
673 3041 807 3108 feodum
836 3043 965 3107 dimidii
994 3044 1109 3107 militis
1136 3042 1178 3106 de
1206 3040 1305 3106 feodo
1334 3041 1481 3117 Peuerel,

371 3159 405 3212 et
428 3149 530 3213 debet
558 3147 586 3229 .j.
610 3159 746 3224 sectam,
773 3159 806 3212 et
833 3149 876 3212 de
899 3148 1026 3212 auxilio
1053 3149 1257 3212 vicecomitis
1280 3147 1380 3211 soluit
1403 3167 1478 3210 curn

372 3253 471 3318 feodo
487 3252 673 3336 Gcrnegan.
722 3254 852 3318 Ibidem
868 3263 961 3318 tenet
978 3253 1106 3318 Walter
1122 3253 1277 3320 Clement
1299 3251 1434 3317 feodum
1451 3252 1480 3334 .j.

372 3356 487 3422 militis
506 3357 549 3421 de
572 3357 672 3422 [eodo
693 3357 841 3442 Elyensi‚
862 3369 896 3422 et
918 3357 1215 3441 debet.j.scctam,
1235 3355 1331 3420 etde
1352 3357 1480 3419 auxilio

371 3459 576 3525 vicecomitis
613 3459 679 3543 .ij.s.
737 3461 868 3526 Ibidem
905 3462 949 3526 de
987 3461 1086 3526 feodo
1124 3460 1302 3543 Gernagan
1341 3455 1407 3540 ijs.
1438 3461 1482 3524 de

372 3559 500 3625 auxilio
524 3558 728 3624 vicecomitis
752 3581 812 3643 per
837 3581 973 3638 annum,
997 3571 1031 3625 et
1056 3559 1181 3624 ibidem
1204 3568 1283 3624 sunt
1304 3557 1379 3640 viij.
1402 3558 1481 3622 hide

372 3675 458 3729 terre
473 3661 664 3746 geldabilcs.

439 3767 630 3834 Haukeston
655 3768 862 3852 [Hauxton].
909 3769 1006 3836 Serlo
1030 3769 1072 3836 de
1102 3767 1301 3834 Haukeston
1327 3769 1430 3834 debet
1452 3769 1481 3834 .i.

374 3884 509 3950 sectam,
525 3872 616 3936 etde
632 3873 759 3936 auxilio
775 3874 979 3938 vicecomitis
996 3874 1094 3937 nichil
1116 3883 1150 3938 et
1172 3875 1260 3938 idern
1277 3873 1372 3939 Serio
1388 3884 1481 3940 tenet

375 3977 418 4041 de
433 3975 591 4058 episcopo
609 3975 756 4056 Elyensi.
