3188 5078
376 386 449 457 320
697 363 860 438 Tenants
883 363 924 436 in
950 361 1153 436 Barnwell
1365 359 1475 461 [uoox

441 549 608 615 Robertus
631 550 809 616 Maniaunt
832 560 924 616 tenet
946 570 1049 614 unum
1071 550 1280 634 mesuagium
1297 571 1398 636 super
1411 571 1475 615 cor-

374 655 502 719 nerium
519 654 655 729 venelle‚
672 663 707 720 et
722 655 833 720 reddit
848 675 908 739 per
923 675 1048 718 annum
1064 654 1144 738 ,xiij.
1160 655 1324 719 denarios.

441 760 585 824 Michael
606 759 805 824 carectarius
825 768 919 824 tenet
934 780 1038 824 vnum
1061 759 1270 843 mesuagium
1293 761 1326 823 in
1343 761 1471 834 venella,

372 874 407 929 et
430 865 539 928 reddit
560 884 619 948 per
641 884 765 928 annum
788 864 841 928 .xi.
861 863 1016 928 denarios
1031 863 1072 946 .ij.
1088 883 1244 946 capones,
1258 863 1299 946 .ij.
1317 865 1471 948 precarias

373 966 478 1054 [quod
495 989 583 1034 nunc
600 978 692 1033 tenet
709 967 893 1033 Nicholaus
909 967 1102 1050 triturator].

439 1073 607 1156 Margaria
645 1072 751 1156 Speid
782 1082 874 1137 tenet
904 1093 1007 1136 vnum
1044 1073 1254 1155 mesuagium
1290 1073 1323 1136 in
1361 1073 1469 1137 eadem

372 1175 511 1253 venelia,
528 1187 562 1242 et
584 1176 693 1242 reddit
714 1198 774 1261 per
794 1197 919 1242 annum
936 1176 989 1259 .iij.
1005 1177 1141 1254 solidos,
1155 1177 1196 1260 .ij.
1213 1197 1359 1261 capones
1375 1177 1469 1262 [quod

374 1302 463 1346 nunc
480 1291 572 1347 tenet
588 1281 779 1347 Willelmus
794 1280 882 1346 filius
898 1281 992 1366 eius].

440 1387 608 1452 Robertus
630 1387 832 1470 Baldewyne
851 1396 945 1452 tenet
962 1407 1064 1452 vnum
1088 1387 1296 1470 mesuagium
1313 1389 1347 1451 in
1363 1387 1471 1452 eadem

373 1490 512 1569 venena,
536 1500 571 1555 et
601 1491 712 1556 reddit
738 1511 798 1574 per
822 1509 949 1556 annum
976 1490 1053 1574 .viij.
1078 1491 1235 1556 denarios
1262 1492 1367 1576 [quod
1394 1512 1473 1556 nunc

373 1605 465 1661 tenet
480 1595 669 1660 Willelmus
686 1595 773 1658 filius
788 1593 883 1678 eius].

439 1699 596 1765 Oliuerus
618 1698 747 1764 Messer
767 1708 860 1763 tenet
878 1718 978 1764 vnam
999 1698 1151 1783 placeam
1173 1719 1312 1764 vacuam
1334 1721 1401 1783 que
1419 1700 1474 1765 luit

374 1804 513 1868 Walteri
541 1804 660 1883 Packe,
686 1813 720 1868 et
747 1802 857 1869 reddit
888 1824 1099 1888 perannum
1127 1805 1195 1888 .xij.
1222 1804 1377 1870 denarios
1402 1805 1474 1890 [que

374 1919 524 1973 remanet
547 1911 579 1973 in
605 1928 706 1973 manu
731 1907 876 1992 Prioris].

438 2013 602 2097 Joachym
633 2023 667 2078 et
698 2012 902 2078 Laurencius
935 2013 1018 2077 Dixi
1046 2013 1184 2096 [paruus
1217 2013 1337 2098 Hugo]
1366 2023 1476 2079 tenent

372 2139 473 2182 vnam
500 2119 651 2202 placeam
674 2138 740 2200 que
762 2117 935 2201 quondam
959 2117 1021 2182 fuit
1045 2117 1186 2182 Roberti
1212 2118 1256 2183 de
1283 2119 1425 2196 Brunne,
1446 2129 1476 2182 et

373 2223 482 2287 reddit
497 2221 560 2305 .vij.
575 2222 731 2286 denarios
751 2221 823 2305 [sed
844 2241 905 2305 per
925 2229 1052 2285 cartam
1072 2221 1234 2286 deberent
1254 2223 1384 2286 soluere
1404 2223 1476 2306 .xvj.

372 2328 526 2391 denarios
542 2337 577 2391 et
593 2325 633 2408 .ij.
649 2324 818 2408 capones}

439 2432 502 2495 luo
525 2450 624 2495 cocus
648 2438 741 2494 tenet
768 2450 870 2494 vnum
899 2432 1106 2513 mesuagium
1134 2431 1224 2513 quod
1256 2431 1317 2494 fuit
1346 2429 1475 2496 Radulli

373 2537 415 2600 de
436 2536 686 2611 Theuerisham,
702 2544 736 2599 et
757 2534 867 2598 reddit
888 2555 1093 2618 perannum
1114 2534 1167 2616 .iij.
1187 2534 1313 2598 solidos
1328 2533 1402 2619 [sed
1424 2557 1478 2619 per

372 2653 498 2707 cartam
520 2642 656 2705 deberet
676 2639 805 2704 soluere
822 2661 919 2703 .xxx.
934 2639 1088 2703 denarios
1108 2647 1142 2700 et
1157 2637 1199 2720 .ij.
1219 2659 1376 2722 capones
1391 2651 1426 2704 et
1440 2640 1478 2722 ij.

373 2741 560 2829 precarias}

442 2850 545 2933 Hugo
575 2848 617 2912 de
650 2848 783 2911 Brunne
813 2856 905 2909 tenet
933 2865 1033 2909 vnum
1066 2847 1275 2928 mesuagium
1302 2847 1394 2930 quod
1422 2846 1480 2911 luit

372 2955 535 3037 Joharmis
562 2955 643 3030 coci,
668 2962 702 3017 et
730 2953 840 3016 reddit
865 2973 925 3035 per
948 2971 1073 3015 annum
1101 2950 1168 3033 .xij.
1195 2949 1350 3015 denarios
1376 2951 1479 3035 [quod

375 3080 461 3123 nunc
477 3069 568 3122 tenet
583 3079 670 3122 vxor
685 3055 860 3140 eiusdem}

439 3163 609 3247 Johannes
634 3162 713 3228 Crul
736 3171 829 3226 tenet
852 3181 952 3226 unam
977 3160 1128 3244 placeam
1152 3160 1249 3224 iuxta
1272 3161 1479 3243 mesuagium

375 3269 454 3332 dicti
473 3267 638 3351 Hugonis,
654 3276 687 3330 et
704 3266 814 3330 reddit
829 3287 888 3350 per
903 3285 1028 3330 annum
1045 3265 1118 3347 .viij.
1136 3263 1299 3328 denarios.

443 3371 539 3437 lbota
566 3372 608 3436 de
639 3369 880 3436 Bradenhache
905 3379 999 3435 tenet
1025 3391 1127 3434 vnum
1155 3367 1365 3451 mesuagium
1391 3370 1481 3452 quod

374 3475 437 3540 suit
459 3475 616 3559 Hugonis
631 3477 674 3540 de
694 3475 836 3551 Brunne,
857 3484 891 3538 et
907 3475 1017 3540 reddit
1031 3494 1091 3558 per
1105 3492 1231 3537 annum
1248 3471 1303 3536 .ix.
1319 3471 1484 3552 denarios,

373 3581 403 3662 .j.
425 3600 588 3663 caponem
614 3579 654 3664 [.j.
678 3580 881 3662 precariam:
903 3578 995 3662 quod
1018 3599 1106 3642 nunc
1129 3587 1222 3643 tenet
1245 3577 1405 3660 magister
1427 3578 1483 3661 Jo-

373 3684 500 3749 hannes
523 3684 566 3748 de
590 3682 759 3766 Relham].
883 3759 884 3764 γ

440 3787 624 3853 Nicholaus
645 3789 688 3851 de
712 3785 899 3851 Infirmaria
918 3795 1010 3851 tenet
1031 3807 1132 3851 vnum
1155 3785 1362 3870 mesuagium
1385 3807 1486 3871 super

373 3893 558 3958 comerium
579 3890 716 3967 venelle‚
738 3901 772 3955 et
793 3891 904 3954 reddit
924 3889 999 3974 .viij.
1020 3889 1184 3968 denarios,
1204 3889 1245 3972 .ij.
1266 3909 1422 3974 capones,
1445 3890 1485 3974 .ij.

373 3997 538 4082 precarias
555 3996 659 4081 [quod
676 4016 763 4060 nunc
779 4005 871 4060 tenet
886 3995 1058 4078 Johannes
1072 3998 1116 4061 de
1132 3995 1164 4060 la
1179 3994 1281 4079 Sale}

442 4102 536 4166 Idem
572 4099 755 4165 Nicholaus
790 4109 883 4165 tenet
916 4121 1018 4165 vnum
1056 4101 1263 4183 mesuagium
1298 4100 1391 4183 quod
1423 4099 1485 4165 suit

374 4204 509 4270 Osberti
540 4203 749 4286 carpentarij‚
779 4212 813 4265 et
843 4202 953 4266 reddit
983 4223 1042 4284 per
1072 4222 1197 4267 annum
1229 4201 1297 4283 .xij.
1327 4203 1484 4266 denarios

372 4307 476 4392 [quod
510 4327 597 4371 nunc
632 4317 748 4370 tenent
781 4307 949 4370 Robertus
979 4308 1022 4371 de
1054 4305 1224 4370 Fulbume
1256 4315 1290 4369 et
1324 4305 1483 4387 Johanna

256 4427 274 4478 i.
290 4429 359 4494 rqtb
373 4413 517 4497 Cokyn].
