3222 5086
178 373 235 473 lv]
286 375 363 448 The
395 374 578 450 Tuxatzon
604 377 653 474 of
668 377 769 474 Pope
797 379 969 476 Gregory
992 378 1045 470 X,
1080 399 1171 473 1275
1214 403 1282 471 199

176 561 283 617 Westle
579 581 614 618 .x.
666 579 745 619 marc
827 563 964 620 vicesima
1035 563 1095 619 dim
1107 580 1186 618 marc

178 652 254 722 Burg
578 670 613 706 ‚sc
699 692 717 722 ‚,
877 692 894 722 „
1037 653 1096 708 dim
1109 668 1186 708 marc

178 739 308 796 Brinlrele
581 761 615 796 .x.
702 781 718 810 „
878 781 895 810 „
1037 740 1096 795 dim
1109 757 1187 796 marc

176 826 362 899 Willingham
581 829 638 885 iiii.
700 870 718 900 ‚,
878 871 895 900 „
1038 827 1127 884 .xxxii.
1142 828 1197 884 den

177 915 257 970 Prior
274 917 310 972 de
330 917 426 973 Lewes
446 917 474 972 ln
493 935 560 988 pen-

211 1001 291 1060 sione
578 1006 632 1061 .xii.
682 1006 738 1062 den
874 1045 892 1076 „
1035 1005 1072 1060 ob
1084 1005 1145 1061 dim
1157 1014 1239 1076 quart

179 1091 259 1147 ldem
272 1092 300 1148 in
314 1091 414 1148 eadem
580 1097 616 1166 .ij.
686 1112 764 1150 marc
878 1136 894 1165 „
1037 1094 1099 1151 ‚xvi
1114 1095 1170 1151 den

176 1180 326 1238 Carletone
578 1201 613 1238 .v.
706 1225 723 1253 „
1036 1183 1079 1238 ud
1093 1184 1150 1239 den

176 1269 256 1324 Prior
267 1270 304 1326 de
315 1272 412 1328 Leues
421 1270 450 1326 in
461 1271 562 1328 eadem
580 1270 636 1327 iiii.
708 1311 726 1342 „
1037 1272 1127 1344 .xxxij.
1140 1271 1197 1328 den

177 1356 258 1412 Idem
270 1357 345 1428 prior
361 1358 390 1412 in
409 1358 558 1416 Carletone

210 1453 237 1499 et
250 1443 435 1514 Willingham
448 1443 476 1500 in
489 1455 558 1501 tem·

210 1532 354 1604 poralibus
577 1551 646 1588 .xxrc
680 1532 700 1587 li
877 1573 893 1602 ,‚
1037 1549 1105 1588 som.
1119 1533 1163 1587 sol

175 1620 311 1676 Westone
579 1639 631 1676 .xv.
680 1639 758 1677 marc
876 1661 893 1690 ,‚
1036 1642 1069 1676 .x.
1083 1623 1126 1676 sol

176 1707 256 1763 Prior
264 1709 301 1764 de
311 1708 561 1765 Lewesineadem
579 1729 613 1766 .v.
697 1749 714 1780 ,‚
874 1750 891 1780 „
1033 1712 1077 1765 .xl.
1090 1711 1147 1766 den

177 1796 258 1852 ldem
273 1797 352 1852 Prior
364 1797 392 1852 in
406 1797 544 1869 pensione
580 1817 650 1854 .xxx.
684 1799 703 1854 d
886 1839 893 1867 ‚
1036 1797 1071 1852 d,
1085 1796 1123 1852 ob

178 1884 255 1940 Prior
267 1885 303 1940 de
318 1885 435 1942 Harleld
449 1886 535 1956 Regis
579 1895 611 1940 st.
679 1887 722 1942 sol
1034 1885 1112 1956 .vj.d

175 1972 335 2044 Wrattinge
578 1994 630 2029 .xx.
679 1991 758 2030 marc
876 2015 893 2043 „
1035 1973 1061 2046 .j.
1075 1991 1153 2028 marc

177 2061 328 2116 Balesham
580 2063 623 2116 .xl.
700 2102 718 2131 ‚,
877 2103 893 2132 ,‚
1036 2063 1073 2133 ij.
1086 2078 1164 2117 marc

177 2147 322 2204 Wendene
332 2149 450 2219 magna¹
461 2149 489 2204 in
500 2151 558 2205 dio-

210 2237 267 2292 cesi
282 2237 400 2293 London
579 2239 632 2296 .xii.
698 2280 715 2309 ,‚
875 2279 892 2310 „
1034 2241 1098 2312 .viij.
1112 2242 1156 2296 sol

177 2469 204 2533 3.
249 2453 319 2518 Hec
344 2457 469 2520 taxacio
483 2457 580 2538 facta
592 2457 668 2538 fuit
682 2469 745 2540 per
768 2458 965 2541 magistmm
992 2457 1222 2542 Reymundum
1244 2457 1285 2522 de

263 2559 417 2644 Nogerijs
441 2572 473 2624 et
493 2563 641 2644 fratrem
661 2563 846 2648 Jolrannem
872 2563 911 2626 de
936 2563 1133 2647 Erlingtone
1156 2565 1283 2629 ordinis

254 2665 493 2747 predicatorum
509 2675 585 2751 post
604 2667 773 2732 canalium
796 2667 1021 2750 Lugduneme.

241 2803 392 2868 Taxacio
413 2804 502 2870 sacta
520 2827 579 2890 per
596 2807 791 2889 magistrum
810 2806 1050 2890 Reymundum
1067 2807 1110 2871 de
1126 2805 1282 2890 Nogerijs
1296 2811 1431 2914 mg?

175 2915 210 2970 et
233 2893 367 2973 fratrem
390 2908 579 2991 Johannem
603 2912 646 2976 de
670 2911 868 2994 Erlingtone
891 2920 968 2994 post
990 2911 1167 2974 concilium
1193 2909 1282 2994 Lug·
1296 2914 1445 3016 ggggm

176 3009 343 3075 dunense’
363 3033 452 3076 anno
472 3013 600 3078 domini
624 3020 698 3092 .m⁰.‚
721 3021 789 3079 .cc⁰.
812 3015 1060 3098 septuagesimo
1080 3014 1199 3097 quinto
1222 3034 1282 3097 pro
1296 3014 1389 3068 Μ·

176 3112 307 3179 decima
322 3116 593 3199 quemdominus
606 3138 695 3203 papa
708 3117 888 3201 Gregorius
899 3119 1038 3204 petebat
1049 3117 1093 3182 ab
1105 3118 1281 3182 vniuersali

177 3215 328 3281 Ecclesia
351 3219 394 3284 ad
418 3241 478 3285 sex
502 3242 608 3285 annos
632 3223 664 3286 in
691 3223 876 3287 subsidium
903 3232 989 3288 terre
1014 3231 1136 3287 sancte.
1186 3221 1282 3286 Tunc

176 3321 406 3403 quidem·non
423 3331 532 3390 erant⁴
543 3328 691 3391 contenti
708 3327 847 3410 predicti
864 3337 1036 3392 taxatores
1049 3328 1091 3392 de
1103 3329 1283 3393 taxacione

178 3424 403 3510 Norwycensi,
429 3429 487 3493 sed
510 3431 624 3495 omnia
647 3430 795 3495 lecerunt
817 3431 927 3495 taxari
950 3431 1134 3496 secundum
1165 3451 1281 3496 uerum

175 3531 332 3608 ualerem,
348 3533 495 3597 dicentes
517 3533 651 3619 insuper
671 3535 763 3619 quod
781 3536 895 3599 omnia
916 3554 981 3618 que
997 3532 1121 3598 habent
1138 3533 1281 3616 religiosi

175 3635 360 3718 spiritualia
382 3647 469 3714 sunt,
488 3648 520 3702 et
544 3641 591 3703 sic
613 3640 747 3704 contriti
768 3649 847 3704 sunt
867 3638 1012 3722 religiosi
1032 3639 1180 3722 dupplici
1203 3659 1281 3702 con·

174 3738 398 3824 tri[bu]cione,
414 3743 571 3826 quoniam
589 3765 664 3808 cum
682 3743 773 3808 laicis
789 3743 1048 3808 conterebantur
1061 3744 1181 3808 dantes
1195 3744 1281 3826 Regi

175 3842 350 3923 decimam,
361 3847 561 3925 vicesimam,
571 3857 605 3912 et
619 3848 940 3931 quintamdecimam
956 3868 1017 3931 pro
1029 3847 1282 3930 temporalibus;

176 3957 210 4012 et
234 3949 468 4014 nichilominus
492 3949 535 4016 de
557 3951 684 4017 eisdem
710 3953 877 4017 decimam
901 3971 978 4017 cum
1005 3951 1141 4018 clericis.
1185 3951 1282 4016 Tunc

175 4054 310 4135 quidem
332 4063 427 4118 erant
446 4055 535 4118 bona
555 4055 753 4140 temporalia
772 4066 806 4120 et
826 4055 1013 4139 spiritualia
1027 4055 1219 4140 spectancia
1238 4055 1282 4119 ad

175 4157 356 4239 prioratum
379 4159 422 4224 de
444 4159 646 4225 chewelle
666 4171 785 4227 taxata
800 4162 844 4226 ad
860 4163 1062 4246 quingentas
1078 4182 1207 4227 marcas
1222 4181 1282 4246 pet

223 4294 234 4328 ¹
251 4296 328 4346 Grest
339 4295 463 4356 Wendeu,
478 4295 565 4348 Emer.

222 4376 233 4409 ¹
250 4379 305 4429 The
325 4378 382 4442 r4th
400 4378 508 4430 Genersl
526 4378 631 4429 Council
647 4389 685 4431 set
702 4387 729 4430 ut
746 4381 831 4446 Lyons
848 4382 927 4432 under
943 4381 987 4432 the
1003 4381 1150 4448 presidency
1167 4380 1196 4431 ol
1214 4381 1282 4448 Pope

176 4463 288 4528 Gregory
299 4463 332 4512 X.
346 4478 359 4526 7
373 4463 499 4526 May-¹7
510 4461 578 4526 July,
593 4476 663 4526 ¹²74·

223 4543 234 4576 ⁸
250 4545 362 4610 quidem,
373 4545 430 4596 MS.
762 4543 773 4576 ⁴
790 4553 852 4608 erat,
866 4545 924 4598 MS.
