3212 5064
334 370 380 459 58
587 367 648 466 Of
666 365 779 465 King
802 363 979 439 Rz’clzard
999 363 1060 437 tlre
1086 361 1196 436 Fz'rst
1318 357 1438 460 [Boou

331 561 521 635 portantem
552 550 643 616 mille
673 561 707 616 et
736 553 938 637 quingentos
969 569 1119 634 paganos
1145 549 1328 625 bellicosos,
1353 543 1438 630 quos

332 656 513 722 Saladinus
540 679 615 721 curn
644 657 745 720 armis
770 667 806 722 et
832 655 1032 722 uictualibus
1059 655 1091 718 in
1123 654 1293 718 ciuitatem
1320 651 1437 716 Accon

333 762 464 825 mittere
489 762 706 845 disposuerat
763 761 874 847 Quam
902 760 1104 845 perforatam
1128 759 1242 823 rostris
1268 757 1438 841 galearum

332 885 466 930 suarum
490 865 675 942 submersit,
701 866 906 950 mortuisque
930 866 1079 949 paganis,
1102 864 1239 928 ueniens
1263 863 1297 926 in
1322 862 1438 926 Accon

332 971 513 1050 ciuitatem,
529 971 660 1035 reddita
682 979 734 1034 est
756 972 786 1034 ei
809 971 926 1036 ciuitas
950 979 984 1034 et
1008 969 1162 1052 Philippo
1185 966 1271 1051 Regi
1293 967 1440 1031 Francie.

335 1074 511 1140 Redeunte
534 1096 614 1140 uero
641 1074 798 1158 Philippo
825 1074 919 1156 Rege
947 1072 1087 1138 Francie
1113 1073 1146 1136 in
1173 1071 1316 1153 patriam
1344 1089 1439 1133 suam

334 1180 563 1263 ignominiose,
589 1180 666 1244 Rex
689 1179 853 1243 Ricardus
873 1197 949 1242 cum
970 1177 1039 1240 suis
1061 1176 1154 1239 uenit
1179 1173 1442 1250 lherosolimam,

333 1297 368 1350 et
384 1285 526 1349 occurrit
547 1285 577 1350 ei
599 1285 786 1350 excercitus
808 1301 1014 1367 paganorum
1035 1281 1087 1346 .xi.
1111 1281 1248 1345 milium.
1309 1277 1440 1363 Quibus

334 1391 475 1455 deuictis
501 1398 535 1454 et
562 1389 750 1464 interiectis,
775 1387 883 1472 spolia
908 1407 1023 1451 eorum
1050 1386 1209 1470 possedit,
1234 1405 1309 1450 cum
1335 1384 1441 1448 tribus

336 1495 482 1559 millibus
503 1496 706 1558 camelorum
722 1502 757 1557 et
777 1493 841 1558 iiii.
859 1490 1006 1556 millibus
1027 1511 1189 1574 equorum
1210 1501 1244 1556 et
1266 1489 1440 1553 mulorum.

336 1599 459 1682 Bisque
489 1598 619 1682 fugauit
648 1599 832 1662 exercitum
861 1596 1011 1662 Saladini
1038 1605 1072 1660 et
1097 1595 1268 1660 ciuitatem
1300 1594 1440 1677 loppem

337 1704 491 1768 liberauit
509 1713 544 1768 et
558 1702 624 1767 alia
640 1703 745 1766 multa
761 1701 899 1766 uiriliter
915 1701 999 1766 fecit.
1048 1699 1185 1765 Auditis
1201 1711 1314 1764 autem
1331 1718 1441 1764 rumo-

336 1809 427 1872 ribus
453 1808 594 1872 sinistris
625 1827 646 1870 a
676 1806 826 1872 Iohanne
853 1807 953 1870 fratre
979 1825 1041 1868 suo
1066 1805 1123 1887 qui
1151 1823 1290 1887 regnum
1316 1800 1442 1885 Anglie

337 1933 500 1996 occupare
522 1910 715 1985 conabatur,
733 1910 766 1972 in
792 1928 931 1991 regnum
954 1927 1050 1972 suum
1075 1906 1201 1990 Anglie
1225 1905 1331 1970 redire
1353 1904 1442 1969 iesti-

174 2038 280 2081 nowne
337 2017 438 2082 nauit
484 2016 695 2079 Redeuntem
715 2025 828 2079 autem
853 2014 944 2077 illum
968 2013 1050 2076 Dux
1073 2011 1209 2076 Austrie
1229 2010 1442 2094 Limpoldus¹

171 2088 309 2232 ξἰῗῖξιῗῖῗ
336 2123 425 2205 cepit
460 2120 688 2203 exinopinata
720 2129 754 2184 et
791 2119 939 2183 Henrico
971 2119 1162 2201 imperatori
1194 2135 1255 2199 pro
1286 2137 1320 2180 .c.
1352 2114 1442 2180 mille

172 2195 301 2332 ffineeror.
337 2245 522 2291 marcarum
554 2223 647 2289 illum
679 2225 839 2301 uendidit,
866 2222 953 2287 vnde
980 2233 1119 2306 uterque
1145 2222 1276 2286 illorum
1304 2243 1324 2285 a
1354 2240 1444 2304 papa

173 2340 304 2433 l⁸⁰ill¹¹‘⁶
338 2330 507 2396 Celestino
530 2339 582 2393 est
608 2329 929 2393 excommunicatus.
975 2328 1185 2412 Redemptus
1212 2337 1263 2394 est
1287 2337 1443 2392 autema

174 2403 289 2493 tibrum·
337 2433 425 2497 clero
440 2442 474 2497 et
490 2433 617 2517 populo
632 2433 760 2515 Anglie
781 2452 842 2516 pro
863 2443 997 2496 centum
1019 2431 1109 2497 mille
1130 2433 1289 2496 librarum
1304 2431 1442 2514 argenti.

339 2537 515 2601 Liberatus
536 2536 579 2600 ad
600 2536 761 2620 Angliam
778 2537 870 2601 uenit
889 2558 965 2601 cum
988 2538 1111 2620 gaudio
1130 2558 1262 2621 magno,
1278 2546 1311 2601 et
1327 2555 1443 2600 omnes

248 2667 249 2670 ¹
338 2642 605 2706 machinaciones
629 2641 792 2724 Johannis
817 2641 926 2706 fratris
953 2642 1002 2705 sui
1028 2642 1206 2725 aspirantis
1232 2642 1275 2705 ad
1303 2659 1442 2723 regnum

175 2748 241 2789 ΗΝ
338 2746 371 2809 in
395 2745 486 2811 breui
514 2744 747 2810 adnichelauit.
794 2745 871 2809 Rex
897 2747 959 2810 iste
985 2743 1158 2824 Ricardus,
1181 2745 1334 2829 princeps
1361 2743 1443 2808 nulli

175 2797 281 2838 Richard

173 2845 316 2947 fflfflfflss
338 2851 511 2924 secundus,
542 2869 631 2913 anno
666 2849 758 2932 regni
788 2849 839 2911 sui
870 2856 924 2914 .x⁰.
956 2849 1023 2913 ictu
1053 2851 1176 2933 sagitte
1206 2868 1381 2932 percussus
1410 2847 1442 2911 in

173 2947 252 3050 &¹2¹3
262 2996 312 3039 οἱ,
339 2953 488 3018 musculo
504 2951 629 3036 brachij
646 2952 737 3016 obiit.
783 2954 878 3016 Prius
897 2964 1010 3018 tamen
1032 2956 1062 3018 ei
1078 2955 1135 3038 qui
1152 2954 1273 3018 uulnus
1289 2952 1445 3016 intulerat

173 3049 324 3148 ffilffldby
338 3068 479 3122 mortem
496 3057 710 3122 condonauit.
748 3057 880 3141 Corpus
896 3067 1009 3122 autem
1026 3058 1121 3122 istius
1138 3055 1272 3121 Ricardi
1290 3055 1322 3118 in
1339 3055 1445 3119 tribus

173 3160 205 3190 ²¹²
215 3160 304 3190 ’Μ’
337 3161 417 3226 loeis
433 3171 484 3226 est
499 3161 667 3245 sepultum
681 3182 689 3240 ;
711 3161 799 3225 vnde
815 3159 1020 3225 uersificator
1034 3161 1171 3244 quidam
1187 3161 1235 3225 sic
1250 3161 1316 3225 ait:

481 3321 600 3377 Uiscera
618 3319 809 3389 carceolum2,
828 3337 931 3391 corpus
951 3322 1028 3376 Fons
1046 3331 1141 3377 seruat
1160 3320 1297 3391 Ebrandi,

514 3410 552 3464 Et
571 3425 620 3462 cor
639 3410 838 3477 Rotomagum,
857 3425 959 3478 magne
979 3408 1107 3478 Ricarde,
1127 3418 1213 3464 tuum

481 3497 514 3551 In
533 3495 588 3552 tria
606 3495 748 3564 diuiditur,
767 3511 838 3550 vnus
857 3495 924 3567 quia
941 3497 1005 3568 plus
1023 3497 1075 3552 fuit
1093 3514 1169 3564 uno;

515 3589 578 3641 Nec
597 3595 724 3657 superest
741 3583 790 3640 uni
808 3585 905 3654 gracia
923 3595 1003 3640 tanta
1020 3585 1089 3640 uiro.

339 3738 466 3800 Anima
481 3738 553 3800 eius
569 3736 755 3818 requiescat
771 3735 804 3799 in
821 3757 912 3818 pace.

388 3908 397 3940 ²
416 3908 531 3973 Leopold
543 3907 585 3966 V..
598 3907 674 3956 Duke
686 3905 715 3956 ol
724 3907 835 3963 Austris,
850 3919 1018 3973 1177-1194.

386 3991 397 4022 ²
413 3991 476 4041 This
487 3990 557 4040 word
572 3989 593 4040 is
608 3989 714 4054 perhaps
730 3988 849 4038 intended
865 3995 892 4038 to
908 3987 970 4038 reler
986 3995 1012 4037 to
1028 3987 1122 4038 Chalus
1133 4005 1162 4038 or
1179 3989 1301 4039 Charrou.
1336 3991 1445 4041 Richard

339 4091 389 4126 was
401 4073 478 4124 killed
490 4081 516 4122 at
532 4073 574 4123 the
586 4071 653 4136 siege
669 4071 698 4120 ol
712 4071 815 4129 Chalus,
827 4071 877 4121 and
894 4071 936 4122 the
951 4070 1081 4135 following
1095 4080 1201 4121 account
1216 4071 1246 4121 oi
1258 4072 1297 4122 his
1309 4074 1394 4122 orders
1410 4073 1447 4123 lor

337 4158 381 4208 the
391 4157 501 4222 disposui
513 4157 541 4207 os
555 4155 594 4206 bis
605 4155 713 4206 remains
724 4156 745 4204 is
759 4156 833 4220 given
848 4156 881 4220 by
895 4156 979 4220 Roger
992 4156 1024 4204 de
1042 4156 1166 4205 lloveden
1184 4155 1242 4220 (Ed.
1256 4155 1358 4218 Stubbs,
1374 4157 1446 4207 Rolls

338 4241 405 4300 Ser.)
416 4241 449 4288 iv.
463 4243 502 4301 84.
540 4239 639 4288 Deinde
651 4239 770 4303 praeceplt
782 4254 824 4287 rex
836 4246 863 4288 ut
877 4238 1006 4287 cerebrum
1023 4247 1048 4287 et
1063 4237 1164 4303 sanguis
1179 4238 1232 4288 eius
1246 4247 1271 4289 et
1290 4238 1384 4288 viscera
1400 4255 1445 4289 sua

336 4321 499 4386 sepelirentur
515 4321 582 4386 apud
600 4321 722 4371 Charmu.
739 4332 764 4371 et
780 4336 911 4371 corsuum
929 4322 996 4386 apud
1015 4322 1211 4387 Rothomagum‚
1223 4331 1249 4373 et
1265 4338 1356 4386 corpus
1372 4337 1444 4373 suum

336 4405 404 4469 apud
422 4405 541 4454 antem
559 4403 613 4468 (sic)
633 4404 754 4454 Ebrandi.
