3222 5086
345 397 414 466 124
485 373 599 447 What
623 373 733 471 befell
755 372 858 446 when
884 372 946 445 the
971 399 1055 446 war
1079 399 1155 447 was
1180 399 1268 448 over
1325 371 1446 472 [soox

549 576 567 641 3
572 574 598 642 ς.
644 559 696 624 De
715 559 969 644 oppressionibus
982 570 1058 643 post
1073 581 1241 644 guerram.

176 719 244 760 now
404 685 600 771 Antequam
621 710 691 772 pax
713 699 825 772 posset
846 687 1016 752 reformari
1038 689 1145 753 multa
1166 688 1290 752 fiebant
1306 687 1395 752 mala
1410 687 1443 751 in

174 779 314 863 {fisstm
339 800 434 868 terra,
456 813 515 875 per
537 793 701 869 incendia,
727 813 786 876 per
811 791 1071 874 depredaciones
1096 813 1155 875 per
1176 793 1323 856 uirorum
1348 792 1446 856 inter-

173 869 298 913 ΜΝ·
340 895 507 973 sectiones,
523 918 583 980 per
603 896 883 961 incarceraciones
902 904 935 960 et
954 897 1163 980 captiuorum
1187 897 1446 980 redempciones,

339 1009 373 1064 et
395 1021 453 1083 per
473 1001 560 1066 bella
581 1001 722 1077 diuersa,
738 1001 895 1084 precipue
916 1003 1006 1084 apud
1030 1003 1145 1066 Lewes
1161 1012 1195 1067 et
1212 1000 1395 1068 Cestreseld
1412 1009 1446 1064 et

341 1105 520 1183 Euesham,
533 1106 589 1170 vbi
606 1106 728 1172 Comes
746 1106 938 1188 Leyeestrie
954 1116 1025 1170 erat
1041 1107 1249 1184 intersectus3
1271 1105 1446 1190 dequibus

340 1211 478 1295 longum
510 1223 597 1276 esset
626 1213 741 1276 omnia
771 1213 917 1275 recitare.
962 1211 1032 1276 Sed
1062 1212 1234 1277 sciendum
1266 1220 1316 1276 est
1346 1211 1447 1294 quod,

340 1315 491 1398 Symone
512 1315 555 1380 de
577 1317 696 1381 Monte
713 1315 805 1380 Forti
827 1315 1012 1394 interfecto,
1030 1317 1108 1380 Rex
1125 1337 1201 1381 cum
1218 1317 1367 1380 exercitu
1385 1335 1446 1378 suo

177 1443 314 1487 summer
339 1421 472 1486 obsedit
493 1421 649 1487 Castrum
666 1421 709 1485 de
726 1421 944 1498 Kenilwrthe,
961 1431 995 1484 et
1011 1422 1157 1504 optinuit
1173 1423 1205 1484 in
1223 1419 1330 1485 forma
1345 1420 1445 1503 pacis,

174 1493 295 1595 efflu-
341 1522 508 1588 Dominus
528 1526 634 1589 eciam
657 1525 865 1589 Eadwardus
887 1524 1068 1606 prudenter
1083 1525 1220 1588 intrauit
1235 1526 1269 1587 in
1288 1523 1446 1599 Insulam,

175 1595 324 1638 'dmm'
338 1639 373 1692 et
396 1629 429 1691 in
453 1628 560 1692 forma
583 1629 675 1712 pacis
698 1629 779 1692 satis
802 1627 969 1691 curialiter
991 1629 1113 1712 agebat
1134 1649 1209 1693 cum
1232 1626 1446 1692 Insularibus.

341 1732 387 1796 Et
408 1733 455 1797 sic
470 1733 608 1797 demum
625 1734 839 1817 preconizata
854 1742 925 1797 erat
941 1754 1010 1817 pax
1027 1756 1087 1817 per
1101 1744 1209 1799 totam
1225 1733 1397 1816 Angliam,
1413 1740 1446 1795 et

340 1834 428 1899 lacta
444 1844 495 1899 est
510 1834 680 1900 exultacio
696 1855 819 1918 magna
835 1836 868 1898 in
885 1837 1041 1900 omnibus
1055 1836 1176 1901 finibus
1188 1846 1282 1913 terre,
1294 1837 1446 1918 exceptis

339 1939 402 2002 hiis
418 1938 600 2003 dumtaxat
615 1939 672 2022 qui
688 1940 832 2004 oderunt
848 1959 975 2022 pacem.

177 2077 260 2121 orne
404 2041 670 2126 Verumptamen
683 2044 836 2126 quamuis
850 2063 968 2107 manus
981 2055 1186 2108 armatorum
1200 2044 1361 2127 populum
1377 2062 1445 2106 non

176 2128 326 2220 ilillffl'
340 2159 485 2225 terreret,
502 2148 741 2213 ecclesiasticas
761 2169 921 2231 personas
936 2157 970 2212 et
987 2148 1157 2232 relig10sos
1172 2151 1326 2233 angustie
1342 2148 1447 2211 multe

176 2229 313 2322 illibata
341 2265 586 2337 oppresserunt,
598 2262 671 2317 tum
688 2274 746 2336 per
762 2254 1016 2335 procuraciones
1033 2253 1144 2335 legato
1156 2254 1291 2331 solutaS,
1303 2263 1375 2317 tum
1388 2273 1448 2335 per

175 2331 217 2372 ω’
227 2341 289 2373 ''⁸''
341 2358 488 2424 decimas
509 2358 647 2423 domino
670 2359 756 2442 Regi
772 2379 956 2436 concessas,
973 2368 1007 2423 et
1022 2359 1129 2421 eciam
1145 2379 1278 2422 summo
1294 2356 1447 2422 Pontifici

340 2487 400 2549 per
420 2466 544 2530 multos
565 2487 680 2542 annos,
695 2466 818 2529 deinde
839 2463 926 2548 [per]
947 2463 1130 2540 vicesimas,
1147 2462 1234 2547 [per]
1255 2463 1448 2538 tricesimas,

339 2579 374 2634 et
395 2569 481 2652 [per]
502 2570 777 2652 quintadecimas,
793 2568 881 2652 [per]
903 2569 1158 2651 procuraciones
1182 2569 1331 2650 magistri
1357 2567 1448 2650 Rey-

341 2673 483 2752 mundi¹,
499 2675 647 2758 magistri
661 2672 876 2754 Ardicionis¹,
889 2673 1039 2755 magistri
1054 2671 1180 2736 Gifredi
1194 2671 1447 2755 Archiepiscopi

343 2780 530 2863 Ragensis³,
543 2789 577 2843 et
593 2779 625 2842 in
643 2778 827 2842 subsidium
846 2787 930 2841 terre
947 2785 1070 2840 sancte.
1110 2777 1156 2840 Et
1172 2777 1205 2839 in
1221 2786 1353 2841 tantum
1369 2787 1448 2841 sunt

341 2885 519 2948 excoriati⁴
540 2884 600 2947 viri
625 2883 769 2966 religiosi
793 2879 884 2964 quod
909 2880 1046 2944 tedebat
1068 2902 1125 2944 eos
1153 2882 1273 2958 uiuere,
1294 2879 1447 2945 videntes

340 2989 513 3052 ecclesiam
539 2987 592 3051 dei
616 2986 852 3068 ancillarique
876 2984 962 3048 solet
984 3005 1057 3048 esse
1080 2984 1191 3049 libera.

177 3112 311 3156 ornem.
407 3091 673 3174 Verumptamen
711 3098 788 3172 post
822 3109 939 3171 pacem
974 3107 1167 3152 concessam
1204 3090 1371 3153 Prioratus
1405 3087 1448 3152 de

177 3168 312 3205 &eumeni

177 3213 312 3306 {lilim
344 3196 545 3260 Bernewelle
560 3206 631 3259 erat
647 3194 858 3277 singulariter
873 3203 1029 3257 oneratus
1050 3214 1110 3276 per
1128 3193 1303 3258 dominum
1320 3193 1449 3258 Willel·

177 3314 289 3406 peeived
343 3321 435 3365 mum
451 3300 494 3365 de
511 3300 637 3366 Sancto
654 3298 779 3364 Omero
795 3298 851 3381 qui
868 3309 940 3362 erat
954 3299 1163 3381 justiciarius
1180 3300 1265 3381 regis
1281 3300 1323 3362 ad
1341 3299 1448 3382 inqui·

177 3377 292 3508 ἓξὲξ
304 3405 484 3469 ostendum
511 3408 553 3469 de
580 3405 787 3469 insularibus.
836 3404 902 3467 Hic
929 3403 1107 3486 occupauit
1134 3404 1253 3466 domos
1280 3402 1449 3466 Prioratus

343 3529 547 3591 perannum
569 3509 736 3592 integrum
757 3529 834 3571 cum
857 3506 984 3571 familia
1005 3527 1137 3590 magna,
1153 3518 1187 3572 et
1208 3509 1342 3590 insuper
1362 3527 1449 3571 vxor

342 3615 412 3677 eius
428 3634 493 3696 que
508 3613 690 3696 aliquando
706 3612 812 3676 tenuit
829 3613 921 3676 xxii.
934 3612 1096 3675 mulieres
1125 3613 1170 3674 Et
1185 3614 1341 3694 quamuis
1357 3611 1450 3675 Prior

343 3719 466 3782 multas
489 3738 656 3801 expensas
673 3717 796 3793 fecerit,
812 3716 1002 3799 multasque
1018 3717 1161 3780 iacturas
1176 3718 1352 3781 occasione
1367 3716 1449 3780 dicti

342 3821 469 3885 domini
508 3820 698 3904 W[illelmi]
733 3829 768 3884 et
802 3841 937 3884 suorum
973 3821 1174 3898 sustinuerit,
1211 3822 1299 3885 idem
1334 3831 1447 3885 tamen

391 3939 401 3972 ¹
420 3943 582 4007 Reymundus
597 3943 629 3992 de
646 3942 770 4007 Nogeriis.
805 3941 852 3992 See
871 3943 998 3992 Calmdar
1011 3942 1042 4007 eff
1049 3942 1131 4006 Papa!
1145 3943 1276 4005 Registers,
1289 3942 1329 3992 ed.
1346 3943 1419 3999 Bliss,
1430 3941 1448 3992 i.

343 4044 398 4090 444.
426 4027 515 4078 Under
526 4027 568 4076 the
580 4043 638 4091 year
653 4039 712 4089 ιαμ
723 4025 755 4075 he
767 4026 787 4075 is
796 4025 926 4076 described
937 4043 965 4075 as
976 4025 1052 4091 papal
1064 4025 1180 4090 chaplain
1189 4025 1239 4074 and
1251 4025 1326 4091 papal
1339 4025 1449 4076 Nuncio.

392 4109 403 4141 ⁹
420 4111 450 4160 In
462 4111 505 4160 the
519 4111 643 4160 calendar
655 4109 692 4173 (as
703 4108 793 4173 above)
805 4107 837 4159 be
850 4110 870 4158 is
880 4109 1010 4159 described
1023 4107 1049 4173 (i.
1062 4107 1120 4172 466)
1132 4124 1160 4157 as
1175 4108 1252 4173 papal
1268 4107 1384 4174 chaplain
1399 4108 1449 4156 and

344 4195 378 4259 bp
391 4195 419 4243 ol
428 4193 549 4243 Modena.
584 4194 632 4244 See
643 4193 734 4251 below,
746 4208 772 4258 p.
786 4206 841 4253 ²05·

391 4275 558 4342 ⁸“Geot'frey
573 4293 602 4326 or
616 4277 737 4332 William‚
750 4277 800 4341 abp
817 4273 846 4324 of
861 4275 956 4325 Edessa
973 4275 1035 4324 alias
1054 4275 1136 4338 Rages
1153 4275 1179 4323 in
1198 4272 1310 4324 Medis-’⁹
1344 4274 1447 4334 Stubbs,

344 4362 488 4424 Registmm
508 4363 625 4416 Sacrum,
645 4376 671 4425 p.
695 4376 748 4423 ¹4²·
783 4359 831 4409 See
854 4359 907 4408 also
928 4357 1089 4424 Rishanger’s
1110 4357 1249 4416 Chronicle,
1272 4357 1313 4406 ed.
1334 4357 1450 4408 Camden

344 4443 453 4506 society,
471 4459 497 4508 p.
516 4459 556 4506 54.
847 4440 859 4472 ⁴
875 4441 987 4498 exoriati.
999 4439 1057 4490 MS.
