3222 5086
338 352 406 439 156
507 349 647 424 Action
666 349 706 422 in
722 360 857 446 respect
871 351 920 448 os
926 351 1022 425 land
1033 361 1074 424 at
1091 350 1267 425 Hz'nxton
1317 348 1438 448 [Boou

165 537 305 640 ξεξῧὲουκ
396 530 496 615 Quod
510 535 627 598 uidens
643 534 736 598 Prior
752 536 853 618 pecijt
869 537 1040 601 licenciam
1053 538 1213 619 querendi
1226 536 1315 599 aliud
1327 535 1438 610 breue,

165 638 269 733 hffig
329 646 364 700 et
379 639 541 720 optinuit;
557 640 670 722 sicque
685 643 792 705 euasit
806 641 898 704 Prior
912 653 1018 716 caute,
1031 652 1065 705 et
1081 642 1222 705 nonfuit
1237 642 1435 704 amerciatus

164 738 236 830 {1¹¹3
240 742 287 832 fg]
330 739 386 803 illa
410 743 492 818 uice,
518 744 674 826 misitque
699 746 812 809 statim
837 745 880 808 ad
907 748 1042 822 curiam,
1068 756 1102 809 et
1129 745 1320 828 impetrauit
1344 743 1434 808 aliud

164 839 301 944 ffi‘ffi
329 843 429 909 breue
445 846 516 910 sine
534 847 597 911 hac
617 848 712 912 litera
732 849 762 914 d.
809 850 909 932 Quod
933 858 968 913 ut
984 850 1142 931 cognouit
1165 847 1326 932 Nigellus,
1344 849 1436 912 uenit

163 939 282 1055 iniisti*
329 969 405 1013 cum
422 950 561 1014 consilio
576 972 637 1014 suo
652 952 695 1016 ad
715 953 872 1028 Priorem,
887 953 1001 1016 dicens
1023 973 1058 1016 se
1079 952 1167 1016 nolle
1183 953 1341 1036 placitare
1356 972 1433 1016 cum

329 1177 411 1239 paee
425 1168 487 1222 etc.

372 1418 422 1483 77.
467 1403 633 1470 Placitum
655 1417 765 1471 contra
788 1409 951 1491 Rogemm
974 1407 1142 1473 Barbedor
1161 1408 1200 1472 de
1223 1407 1395 1472 Hemone.

162 1562 281 1664 {2233ss
394 1559 582 1623 Willelmus
605 1560 775 1625 Barbedor
790 1563 914 1645 recepit
930 1561 1112 1644 aliquando
1127 1583 1148 1625 a
1165 1562 1276 1626 Priore
1291 1573 1324 1625 et
1345 1562 1433 1625 Con·

164 1663 290 1756 ffibggff
327 1673 430 1726 uentu
451 1663 494 1725 de
516 1663 716 1727 Bernewelle
739 1666 781 1727 ad
806 1665 984 1728 terminum
1008 1667 1077 1729 uite
1099 1685 1158 1728 sue
1180 1675 1215 1728 et
1237 1663 1351 1729 uxoris
1373 1683 1434 1726 sue

163 1763 285 1856 {32¹3ng
327 1776 434 1830 totam
456 1777 577 1830 terram
599 1787 701 1850 quam
723 1770 785 1851 ipsi
809 1770 901 1832 Prior
922 1779 955 1833 et
976 1768 1170 1833 Conuentus
1186 1768 1373 1832 habuerunt
1397 1768 1431 1830 in

163 1865 303 1956 ffigcffis
326 1873 454 1954 campis
480 1873 523 1934 de
549 1871 735 1935 Henxtone
763 1894 823 1955 pro
844 1893 911 1956 qua
928 1873 1023 1936 dedit
1043 1874 1091 1937 eis
1114 1891 1271 1954 magnam
1292 1871 1431 1954 pecunie

163 1963 277 2057 3212?oe
326 1995 491 2040 summam
523 1997 582 2059 pre
612 1977 774 2040 manibus.
823 1977 990 2042 Defuncta
1021 1979 1111 2060 prius
1143 1997 1247 2040 uxore
1277 1987 1312 2039 et
1340 1985 1432 2059 post-

326 2082 464 2144 modum
481 2082 600 2144 eodem
617 2080 797 2156 Willelmo,
812 2083 970 2147 successit
986 2083 1016 2145 ei
1031 2083 1065 2144 in
1081 2081 1301 2144 hereditatem
1319 2079 1432 2162 Roger

327 2184 498 2248 Barbedor
519 2194 693 2267 tamquam
715 2184 802 2248 filius
818 2195 851 2249 et
872 2187 976 2263 heres,
993 2186 1236 2269 primogenitus
1254 2186 1343 2248 enim
1360 2186 1431 2248 eius

326 2289 459 2351 nomine
491 2286 677 2351 Willelmus
708 2290 874 2370 ingressus
904 2300 976 2353 erat
1006 2289 1208 2371 religionem.
1265 2287 1431 2369 Verump-

326 2401 438 2456 tamen
466 2392 509 2454 ad
542 2392 688 2454 Priorem
715 2403 750 2455 et
777 2391 990 2457 Conuentum
1018 2405 1094 2476 post
1122 2403 1262 2456 mortem
1290 2393 1430 2474 predicti

326 2495 515 2579 W[illelmi]
544 2496 714 2560 Barbedor
736 2505 770 2560 et
798 2497 912 2561 uxoris
938 2518 997 2563 sue
1021 2497 1119 2561 rediit
1146 2507 1218 2561 tota
1244 2506 1330 2560 terra
1353 2517 1429 2560 cum

325 2600 539 2684 pertinencijs
561 2621 662 2683 quam
688 2611 867 2666 tenuerunt
897 2604 939 2666 ad
971 2603 1150 2666 terminum
1181 2601 1250 2665 uite
1276 2621 1342 2664 sue.
1389 2599 1430 2663 In

326 2707 442 2769 itinere
458 2726 536 2769 uero
549 2704 807 2788 justiciariorum
820 2707 1014 2789 impetrauit
1029 2707 1118 2770 idem
1132 2704 1245 2787 Roger
1261 2703 1432 2768 Barbedor

326 2811 427 2874 breue
448 2811 492 2874 de
513 2821 619 2874 morte
635 2811 854 2874 antecessoris
869 2821 986 2874 contra
1003 2812 1159 2888 Priorem,
1174 2829 1323 2872 asserens
1339 2811 1428 2892 quod

327 2916 418 2979 Prior
433 2916 661 2998 appropriauit
676 2916 738 2978 sibi
760 2917 907 2999 quinque
928 2936 1021 2979 acras
1043 2926 1128 2980 terre
1143 2925 1177 2979 et
1197 2914 1372 2978 dimidiam
1387 2916 1430 2978 de
1534 2982 1537 2986 ,

323 3032 411 3083 terra
426 3021 530 3103 patris
545 3021 596 3083 sui
612 3029 673 3084 etc.

390 3261 439 3339 78.
485 3257 680 3322 lnrorulaeio
701 3259 740 3322 de
761 3279 873 3341 assysa
894 3267 986 3342 capta
1007 3268 1166 3322 ettonem
1189 3257 1365 3324 uendere.

163 3420 295 3464 neceruot
377 3413 485 3482 Assysa
508 3411 586 3469 uenit
611 3411 789 3481 recognitura
813 3413 837 3466 si
863 3412 1021 3469 willelmus
1048 3414 1193 3468 Barbedor
1217 3422 1297 3484 pater
1326 3414 1429 3482 Rogeri

160 3471 302 3514 mmm
326 3502 471 3556 Barbedor
487 3501 539 3556 fuit
557 3503 678 3572 seysitus
696 3501 724 3555 in
740 3502 884 3557 dominico
903 3521 955 3557 suo
974 3515 1004 3558 ut
1021 3505 1056 3558 de
1074 3503 1156 3556 feodo
1170 3503 1205 3557 de
1217 3502 1341 3572 quinque
1357 3501 1430 3557 acris

324 3601 397 3646 terre
409 3600 437 3644 et
450 3589 568 3645 dimidia
580 3608 645 3645 cum
658 3590 839 3661 pertinenciis
852 3590 882 3645 in
897 3589 1064 3646 Henxtone²
1073 3592 1120 3646 die
1132 3608 1188 3660 quo
1201 3601 1254 3645 etc.
1281 3590 1318 3645 Et
1332 3590 1356 3644 si
1366 3601 1428 3659 etc,

324 3695 395 3749 quas
413 3678 493 3734 Prior
504 3679 540 3734 de
559 3680 730 3736 Bemewelle
743 3691 828 3748 tenet,
841 3691 873 3734 ut
884 3682 921 3735 de
939 3681 1030 3736 feodo.
1069 3681 1125 3750 Qui
1138 3680 1217 3736 uenit
1230 3690 1258 3736 et
1271 3680 1340 3734 dicit
1352 3682 1429 3751 quod

324 3767 416 3820 dictus
429 3766 597 3834 willelmus,
611 3768 646 3822 de
663 3767 742 3822 cuius
758 3780 849 3824 mone
864 3779 927 3838 etc,
940 3787 997 3825 non
1015 3769 1086 3839 obijt
1103 3771 1225 3837 seysitus
1242 3770 1278 3824 de
1294 3769 1430 3839 predictis

323 3855 493 3909 tenementis
517 3854 546 3909 in
572 3856 715 3911 dominico
736 3873 788 3912 suo
812 3867 843 3911 ut
867 3857 904 3912 de
925 3859 1016 3913 feodo.
1055 3858 1133 3914 Dicit
1157 3859 1235 3913 enim
1255 3859 1332 3928 quod
1352 3858 1428 3913 idem

324 3943 483 3997 Willelmus
500 3943 586 3997 nichil
602 3943 701 3999 habuit
721 3943 748 3998 in
766 3945 874 4000 eisdem
890 3947 1061 4002 tenementis
1077 3946 1130 4002 nisi
1148 3946 1184 4002 ad
1201 3947 1352 4002 terminum
1371 3946 1429 4001 uite

324 4041 434 4087 tantum
453 4030 499 4103 [ex
520 4032 685 4088 dimissione
705 4033 792 4104 ipsius
816 4033 939 4107 Prioris].
978 4036 1056 4092 Dicit
1075 4037 1167 4092 eciam
1187 4035 1264 4107 quod
1285 4035 1429 4105 predictus

373 4170 381 4203 ¹
399 4171 461 4222 This
480 4172 567 4221 record
587 4171 607 4220 is
628 4172 652 4222 in
673 4171 715 4222 the
735 4173 821 4223 Assize
842 4173 910 4230 Roll,
932 4173 982 4223 No.
1003 4172 1043 4234 86,
1065 4174 1170 4224 membr.
1194 4187 1234 4230 ης
1254 4172 1304 4222 and
1322 4191 1336 4222 a
1353 4189 1427 4239 copy,

323 4255 439 4320 diliering
453 4271 468 4304 a
482 4255 549 4320 good
565 4255 630 4312 deal,
643 4271 730 4306 occurs
744 4273 778 4306 on
794 4258 897 4306 membr.
914 4272 952 4322 ²3·
971 4257 994 4306 d.
1030 4257 1087 4307 The
1102 4257 1184 4307 words
1200 4255 1347 4305 introduced
1365 4255 1429 4304 from

323 4337 373 4387 this
383 4337 475 4387 second
487 4337 584 4387 version
595 4337 659 4388 have
670 4338 734 4388 been
745 4338 926 4403 distinguished
937 4339 972 4404 by
982 4355 1071 4406 square
1078 4339 1202 4388 brackets.

372 4419 383 4452 ²
398 4419 453 4470 The
467 4420 525 4470 Roll
538 4421 609 4470 reads
622 4421 758 4486 Hyngston
770 4420 885 4487 (membr.
902 4424 950 4484 ιι),
964 4422 1007 4473 ie.
1023 4423 1147 4472 Hinxton.
