3212 5064
326 399 370 488 78
770 396 986 469 Chesterton
1311 391 1428 489 [BOOK

423 630 453 696 7.
498 615 695 679 Inrotulacio
717 615 766 678 ad
786 613 992 679 Scaccarium
1014 611 1118 696 Regis
1138 611 1178 676 de
1198 611 1332 694 talhgr'o

752 720 790 783 de
815 719 999 786 Cestertone.

157 851 287 952 ffiffim
388 849 428 913 In
457 849 795 914 Rotulo.VI11.anni
819 849 912 933 regni
938 849 1023 932 regis
1050 847 1221 932 Johannis,
1245 846 1429 911 vicecomes

158 951 303 1054 ffi'jssss?
322 954 606 1038 Cantebrigiensis
629 955 777 1019 reddidit
800 965 995 1038 compotum
1019 955 1062 1019 de
1075 1005 1080 1018 .
1095 969 1120 1018 x
1133 1004 1140 1018 .
1152 952 1243 1018 libris
1266 960 1300 1016 et
1314 1002 1319 1014 .
1333 964 1428 1012 xxx.

321 1059 475 1136 denariis
490 1059 533 1123 de
554 1059 692 1143 tallagio
713 1061 755 1124 de
777 1059 983 1125 Cestertone.
1032 1061 1070 1122 ln
1091 1058 1248 1124 thesauro
1268 1055 1431 1130 liberauit,

321 1173 355 1226 et
370 1163 502 1247 quietus
519 1173 578 1228 est.

552 1355 580 1416 8.
626 1355 708 1418 Item
732 1355 773 1418 de
795 1354 931 1437 tallagio
953 1353 993 1416 de
1016 1352 1201 1419 Cestertone.

158 1480 241 1574 ffi‘
389 1483 428 1546 ln
457 1483 583 1548 Rotulo
610 1486 689 1547 noni
717 1485 794 1548 anni
823 1484 915 1566 regni
946 1482 1094 1546 eiusdem
1122 1481 1217 1565 regis,
1243 1481 1357 1545 villata
1387 1479 1430 1544 de

160 1583 292 1633 ¹²⁰⁷·¹²⁰⁸·
323 1586 519 1653 Cestertone
554 1588 701 1653 reddidit
736 1597 932 1671 compotum
969 1588 1012 1652 de
1047 1587 1195 1670 quinque
1231 1587 1350 1649 marcis
1387 1586 1429 1648 de

322 1693 460 1777 tallagio
474 1695 518 1757 de
534 1695 738 1759 Cestertone.
786 1696 824 1757 ln
846 1693 1003 1758 thesauro
1024 1693 1177 1758 liberauit
1192 1701 1226 1756 et
1241 1693 1355 1774 quieta
1371 1699 1429 1754 est.

553 1899 583 1962 9.
627 1883 711 1946 Item
733 1882 772 1948 de
794 1883 930 1965 tallagio
951 1883 991 1946 de
1014 1881 1198 1949 Cestertone.

158 2003 241 2096 ffil‘
389 2010 429 2074 In
452 2010 787 2076 Rotulo.xvl.anni
810 2013 959 2076 eiusdem
983 2011 1077 2094 regis,
1100 2011 1284 2076 vicecomes
1308 2009 1429 2074 Cante-

159 2114 290 2155 ¹²¹⁴·¹²¹⁵·
321 2115 496 2199 brigiensis
519 2117 665 2182 reddidit
685 2127 879 2200 compotum
900 2118 943 2181 dc
959 2113 1052 2182 .xe
1076 2117 1195 2180 marcis
1218 2115 1261 2179 de
1283 2115 1361 2179 villa
1387 2115 1430 2178 de

322 2219 519 2286 Cestertone
530 2223 574 2285 de
590 2221 736 2304 tallagio.
785 2223 824 2286 In
841 2222 999 2286 thesauro
1015 2221 1124 2286 nichil.
1163 2222 1208 2285 Et
1224 2223 1257 2284 in
1274 2219 1429 2303 perdonis

321 2327 489 2390 canonicis
504 2327 548 2390 de
567 2324 874 2394 Bernewellexxl.
892 2348 1021 2392 marcas
1043 2347 1102 2411 per
1122 2326 1309 2391 libertatem
1331 2334 1429 2402 carte,

322 2439 356 2494 et
371 2431 503 2514 quietus
520 2441 579 2496 est

548 2634 594 2685 10.
639 2619 722 2683 Item
744 2618 783 2684 de
805 2617 941 2704 unago
963 2617 1004 2683 de
1025 2615 1209 2686 Cestertone.

389 2748 493 2812 Anno
507 2749 635 2812 domini
653 2753 814 2814 .M⁰.cc⁰.
827 2755 890 2812 ΧΠ
902 2799 908 2813 .
921 2749 1038 2832 primo,
1054 2748 1146 2832 regni
1169 2748 1273 2832 Regis
1291 2747 1428 2813 Henrici

323 2852 381 2916 lilii
407 2851 510 2936 Regis
536 2853 700 2936 Johannis
724 2854 976 2930 vicesimo.v⁰.‚
998 2873 1073 2917 cum
1103 2854 1136 2916 in
1163 2854 1309 2917 crastino
1337 2853 1430 2938 Apo-

323 2958 483 3022 stolorum
509 2958 651 3042 Philippi
677 2967 712 3022 et
733 2958 852 3041 Jacobi
876 2957 1043 3022 talliatum
1067 2967 1154 3023 esset
1179 2959 1363 3024 manerium
1387 2959 1430 3023 de

323 3064 519 3128 Cestertone
532 3062 564 3124 in
576 3111 582 3127 .
594 3075 661 3126 XV.
672 3063 792 3126 marcis
805 3083 865 3145 per
875 3063 959 3126 duos
973 3062 1103 3140 milites,
1112 3062 1238 3128 scilicet
1248 3063 1429 3128 Ricardum

222 3187 238 3236 s.
254 3185 309 3249 271>
322 3167 368 3230 du
386 3167 461 3244 Bec,
477 3177 511 3230 et
526 3166 714 3250 Johannem
738 3166 893 3246 Gubaud,
909 3167 1027 3232 missos
1043 3189 1063 3231 a
1079 3188 1156 3252 rege
1171 3169 1213 3233 ad
1230 3167 1294 3232 hoc
1310 3168 1430 3233 sacien-

159 3273 242 3366 ffss‘
322 3273 403 3336 dum
435 3280 471 3334 ut
502 3271 668 3348 dicebant,
692 3281 727 3336 et
756 3292 815 3356 per
846 3271 1068 3336 Laurencium
1099 3281 1179 3336 tunc
1211 3273 1357 3338 Priorem
1388 3275 1431 3339 de

159 3373 259 3417 ΜΨ
324 3374 525 3439 Bernewelle
550 3384 722 3438 ostensum
750 3384 838 3439 esset
863 3375 947 3458 Regi
974 3374 1065 3457 quod
1091 3375 1202 3440 nullus
1228 3377 1344 3442 debuit
1370 3398 1430 3443 nec

161 3424 186 3465 Μ
298 3438 303 3474 r

159 3435 311 3568 {ffifflffl
323 3479 496 3544 consueuit
517 3478 599 3542 illud
615 3479 744 3544 talliare
760 3481 821 3543 nisi
839 3480 932 3542 Prior
947 3488 982 3543 et
997 3479 1148 3543 canonici
1165 3481 1208 3544 de
1221 3481 1431 3562 Bernewelle,

158 3574 284 3668 ξιξξξῗζζῗ
323 3585 403 3668 quia
423 3585 486 3667 ipsi
507 3594 753 3650 consueuemnt
773 3585 900 3649 dictum
926 3585 1111 3649 manerium
1133 3584 1261 3649 talliare
1282 3596 1315 3651 et
1336 3587 1431 3651 talla·

157 3674 260 3779 Ῐξέξξῖξ
323 3690 415 3772 gium
439 3687 571 3768 habere,
594 3709 653 3772 per
675 3689 864 3754 libertatem
890 3699 981 3754 carte
1007 3689 1110 3771 Regis
1136 3688 1300 3771 Johannis
1327 3691 1432 3774 patris

159 3775 283 3868 llilllll,
324 3794 383 3871 sui,
407 3813 509 3876 quam
534 3793 651 3858 habuit
675 3795 719 3858 de
743 3781 895 3876 predicto
922 3793 1069 3858 manerio
1093 3792 1250 3858 habendo
1275 3795 1318 3860 ad
1344 3793 1432 3860 icodi

158 3875 301 4018 {ffilgm
325 3896 454 3962 firmam
482 3897 735 3982 inperpetuum:
765 3897 874 3962 dictus
903 3898 990 3976 Rex,
1013 3898 1076 3962 hoc
1103 3899 1229 3975 audito,
1251 3908 1430 3965 tractatum

159 3976 234 4068 enim
244 4039 299 4069 w..
324 4003 441 4068 habuit
461 4003 551 4085 apud
574 4001 718 4066 London
740 4002 950 4086 superdicto
971 4003 1111 4085 negocio
1131 4023 1207 4067 cum
1228 4003 1293 4086 hijs
1314 4004 1432 4088 quide

160 4075 276 4119 ¹¹¹⁰w‘d‘
324 4107 463 4171 consilio
478 4105 548 4169 eius
563 4115 658 4170 erant
680 4114 760 4169 tunc
776 4107 946 4189 temporis,
962 4106 1088 4170 scilicet
1108 4106 1246 4171 domino
1268 4108 1368 4172 Petro
1390 4108 1432 4173 de

327 4211 515 4287 Hereiord¹,
532 4209 670 4274 domino
693 4212 792 4275 Petro
806 4211 850 4274 de
872 4210 1065 4288 Sabaudia’,
1081 4211 1219 4276 domino
1235 4210 1372 4277 Abbate
1390 4215 1433 4276 de

374 4367 383 4401 ¹
402 4369 473 4419 Peter
484 4366 514 4417 oi
522 4366 722 4431 Aigueblnnche,
738 4367 777 4433 Bp
789 4366 818 4416 oi
828 4367 953 4418 Herelord
969 4365 1136 4430 ιτ4ο-ια68,

372 4449 384 4481 ¹
400 4451 505 4513 Sabcld,
519 4451 576 4502 ΜΒ.
613 4449 686 4502 Peter
696 4450 726 4501 ol
734 4451 826 4516 Sav0y‚
838 4451 937 4502 created
950 4450 1010 4501 Ecrl
1021 4450 1050 4500 oi
1060 4449 1203 4502 Richmond
1214 4450 1248 4517 by
1261 4451 1328 4502 Heu.
1346 4451 1398 4501 lll.
