3222 5086
332 377 405 430 200
436 357 474 430 T
469 358 513 432 lte
532 358 566 432 'I
564 361 716 434 walton
730 363 779 458 of
787 361 887 459 Popc
900 363 1085 439 Nz'clzolas
1098 365 1125 437 l
1131 365 1172 452 V,
1195 393 1282 459 1291
1314 367 1433 466 [soon

328 561 462 606 annum.
510 543 650 609 Decima
665 544 693 609 .l.
711 565 828 611 marce.
869 547 1010 614 Summa
1026 549 1155 616 decime
1172 573 1229 635 per
1244 573 1306 617 sex
1328 572 1435 616 annos

327 645 436 711 solute
456 647 498 711 ad
521 669 605 733 opus
625 649 752 714 domini
774 673 861 735 pape
877 653 910 716 in
927 653 1113 720 subsidium
1129 665 1215 721 terre
1230 667 1345 722 sancte
1360 676 1433 721 .ccc.

328 771 457 832 marce;
481 763 515 818 et
531 764 643 820 tamen
660 776 748 839 papa
764 768 915 822 mortuus
930 769 981 825 est
996 769 1075 823 ante
1091 761 1294 827 triennium¹.

227 1023 244 1072 s.
259 1022 314 1086 75b
406 1033 435 1094 4.
486 1014 518 1078 T
513 1015 626 1079 axacz'o
641 1015 840 1100 s[okanm's]
873 1017 1125 1101 Wyntoniensis²
1145 1030 1177 1084 et
1201 1017 1354 1106 O[livm]

500 1119 751 1185 Lincolm'ensis'
772 1122 944 1186 secundum
968 1145 1082 1189 uenam
1105 1125 1256 1189 ualerem.

110 1273 114 1284 '
160 1272 308 1414 {32ng
391 1263 495 1329 Anno
525 1266 569 1330 ab
599 1267 831 1332 incarnacione
860 1267 987 1333 domini
1019 1277 1084 1334 .m⁰.
1112 1277 1179 1335 ,cc⁰.
1212 1270 1433 1352 nonogesimo

160 1374 300 1466 epm&
325 1369 434 1453 primo
469 1369 557 1434 lacta
588 1381 638 1434 est
669 1392 756 1436 noua
787 1375 922 1437 taxacio
953 1373 1115 1438 bonorum
1147 1374 1367 1459 spiritualium
1398 1385 1433 1440 et

159 1473 268 1566 mg
280 1526 301 1568 Ι,
325 1474 560 1556 temporalium
577 1473 761 1538 secundum
778 1496 893 1539 uerum
911 1477 1057 1540 ualorem
1074 1497 1135 1561 per
1148 1488 1255 1543 totam
1270 1478 1430 1561 Angliarn

159 1573 271 1678 {mg
324 1598 385 1661 pro
400 1579 531 1642 decima
551 1579 690 1643 domino
708 1579 792 1661 Regi
810 1579 1000 1645 Eadwardo
1015 1601 1172 1646 concessa
1187 1583 1230 1646 ad
1247 1603 1308 1646 sex
1325 1601 1432 1645 annos

160 1685 217 1727 ¹²⁹¹·
324 1703 383 1765 per
412 1683 586 1746 dominum
617 1703 740 1767 papam
773 1685 991 1749 Nicholaum⁴
1020 1686 1063 1749 de
1094 1685 1221 1752 Ordine
1253 1687 1432 1750 Minorum.

326 1787 395 1851 lsta
424 1785 560 1870 quidem
593 1790 728 1852 taxacio
759 1787 847 1852 lacta
882 1789 945 1853 suit
981 1810 1040 1874 per
1069 1791 1274 1857 venerabiles
1309 1801 1432 1875 patres,

322 1894 478 1957 dominos
499 1891 688 1977 Johannem
713 1894 991 1977 Wyntoniensem
1015 1905 1049 1959 et
1075 1897 1248 1962 Oliuerum
1273 1897 1429 1961 Lincoln-

323 1997 447 2060 iensem
472 1997 655 2080 episcopos.
704 1997 772 2081 lpsi
793 1999 929 2081 quidem
952 2009 1064 2082 patres
1085 2000 1118 2064 in
1142 2001 1266 2064 diocesi
1290 1999 1429 2083 Elyensi

322 2110 510 2165 statuerunt
522 2110 695 2165 taxatores
707 2100 871 2166 bonorum
884 2103 1104 2187 spiritualium
1119 2107 1314 2188 magistrum
1329 2104 1429 2188 Gwy-

321 2204 443 2269 donem
466 2205 508 2269 de
530 2205 689 2270 Couintre
709 2207 837 2269 domini
858 2208 1007 2290 episcopi
1029 2207 1186 2291 Elyensis
1201 2207 1377 2273 officialem
1394 2219 1428 2273 et

322 2310 517 2392 magistrum
542 2308 724 2374 Radulsum
746 2311 788 2373 de
810 2311 1042 2394 Foderingeye
1057 2311 1327 2376 archidiaconum
1346 2313 1428 2395 Ely-

320 2435 443 2492 ensem,
454 2415 510 2498 qui
527 2414 608 2480 illud
624 2413 770 2478 officium
786 2417 969 2480 secundum
987 2416 1077 2498 quod
1090 2417 1152 2481 luit
1165 2417 1230 2480 illis
1242 2417 1426 2483 iniunctum

321 2517 463 2582 fideliter
484 2527 518 2582 et
542 2518 682 2581 sollicite
705 2518 966 2601 compleuerunt.
1011 2519 1154 2584 Predicti
1177 2522 1282 2584 eciam
1306 2529 1427 2603 patres,

320 2622 574 2704 Wyntoniensis
600 2622 754 2687 videlicet
784 2632 818 2686 et
847 2623 1097 2700 Lincolniensis,
1125 2623 1208 2688 alios
1238 2632 1428 2688 statuerunt

318 2736 491 2790 taxatores
503 2727 666 2789 bonorum
679 2725 912 2809 temporalium
924 2726 957 2788 in
970 2726 1089 2790 eadem
1101 2727 1253 2809 dyocesi;
1272 2727 1427 2792 videlicet

321 2831 516 2912 magistrum
539 2829 719 2893 Ricardum
742 2829 785 2892 de
807 2829 931 2895 Sancta
956 2831 1133 2914 Frewytha
1155 2831 1426 2896 archidiaconum

320 2933 363 2998 de
374 2933 595 3016 Bokingham,
606 2942 639 2996 et
652 2935 849 3015 magistrum
861 2935 1047 2999 Robertum
1059 2936 1218 3012 Lutterel,
1228 2937 1426 2999 canonicum

320 3038 598 3115 Sarisbiriensem,
609 3038 666 3119 qui
679 3037 889 3103 ambulantes
906 3039 937 3103 in
952 3041 1043 3103 inuio
1059 3049 1092 3104 et
1108 3060 1176 3104 non
1193 3042 1225 3104 in
1239 3041 1302 3116 uia,
1314 3041 1428 3105 nescio

319 3165 386 3227 quo
402 3144 517 3227 spiritu
535 3141 636 3218 ducti,
646 3162 763 3206 omnes
780 3142 950 3226 religiosos
963 3165 1063 3227 supra
1080 3143 1217 3207 modum
1230 3145 1427 3227 grauabant,

319 3245 470 3308 nolentes
489 3243 588 3307 fidem
606 3242 763 3306 adhibere
777 3243 968 3325 juramento
983 3244 1177 3309 clericorum
1194 3258 1228 3310 et
1244 3247 1426 3328 laycorum,

317 3350 376 3413 sed
400 3351 504 3413 eciam
529 3349 619 3432 ipsos
643 3348 814 3430 religiosos
838 3350 944 3414 iurare
968 3349 1117 3416 lecerunt
1139 3351 1182 3415 de
1205 3373 1284 3416 uero
1312 3351 1425 3416 ualore

316 3454 550 3538 temporalium
578 3453 743 3518 bonorum
771 3475 915 3530 suorum,
938 3465 972 3520 et
999 3455 1032 3520 in
1056 3455 1187 3539 scriptis
1211 3457 1367 3539 redigere,
1390 3468 1425 3521 et

315 3559 432 3642 sigillis
448 3557 668 3640 capitulorum
686 3559 824 3640 signare.
865 3557 911 3622 Et
926 3558 1162 3623 nichilominus
1173 3559 1236 3641 ipsi
1249 3569 1423 3624 taxatores

315 3663 462 3728 maliuoli
494 3663 621 3727 dictum
653 3683 767 3726 eorum
797 3674 1021 3740 excesserunt,
1051 3674 1086 3728 et
1121 3665 1287 3727 taxabant
1322 3674 1423 3748 prout

316 3769 500 3844 uoluerunt,
512 3776 546 3831 et
562 3768 595 3831 in
613 3767 726 3831 multis
742 3767 822 3831 locis
838 3781 953 3832 uerum
970 3766 1116 3831 ualorem
1134 3767 1421 3851 dupplicauerunt.

315 3871 530 3956 Quapropter
549 3871 629 3935 dicti
646 3869 829 3955 pontifices,
845 3873 981 3956 cognita
996 3892 1110 3936 eorum
1128 3873 1260 3935 malicia
1275 3893 1319 3935 ex
1337 3872 1421 3937 mul-

313 3963 423 4042 torum
433 3975 800 4059 querimonia,quedam
812 3975 959 4041 lecerunt
970 3996 1029 4059 per
1041 3977 1124 4040 alios
1136 3975 1249 4041 fideles
1260 3977 1422 4041 retaxari⁵

313 4093 347 4145 et
362 4081 507 4165 quedam
525 4101 584 4164 per
598 4101 693 4144 suam
711 4081 883 4145 moderare
903 4083 1115 4164 sapienciam.

425 4209 434 4242 ¹
452 4211 508 4261 The
519 4225 586 4275 pope
597 4211 655 4260 died
671 4225 700 4260 1ο
710 4210 828 4274 January,
845 4208 914 4272 1176.

424 4291 435 4323 ²
450 4294 518 4358 John
530 4292 558 4342 ol
568 4293 692 4353 Pontoise,
706 4293 748 4358 hp.
764 4293 793 4341 os
801 4292 960 4341 Wlnchester
974 4293 1065 4342 rrSa-1
1070 4307 1116 4354 30⁴
1131 4292 1165 4352 (d.
1180 4312 1195 4354 4
1209 4293 1283 4351 Dec.)

425 4374 435 4406 ³
452 4374 538 4424 Oliver
551 4375 650 4430 Sutton,
663 4375 706 4439 bp.
719 4373 747 4422 ol
756 4373 862 4422 Lincoln
877 4376 1022 4438 1280-1299
1034 4371 1068 4437 (d.
1087 4387 1114 4434 ¹3
1127 4371 1207 4432 Nou.)

426 4457 436 4487 ⁴
454 4454 574 4506 Nicholas
586 4455 633 4517 IV,
649 4457 727 4520 Pope,
745 4472 773 4518 15
787 4455 848 4504 Feb.
865 4456 959 4518 1288-4
972 4456 1035 4520 Apr.
1053 4469 1122 4520 ¹29²·

424 4535 435 4570 ⁵
453 4545 572 4599 retaxare,
587 4537 642 4590 MS.
