3144 5070
343 357 457 456 Office
484 359 533 460 os
548 361 610 436 tlte
636 357 742 462 Holy
775 361 927 464 Trz'm'ly
1154 381 1198 458 17

98 539 141 604 uie
162 541 228 606 eius·
270 543 350 624 Quis
374 545 454 610 enim
480 547 622 628 cognouit
647 567 768 614 sensum
793 547 927 614 domini!
956 553 1018 612 Aut
1038 547 1105 630 quis
1126 572 1197 613 con·

96 639 207 706 silizrius
227 642 290 708 eius
310 643 383 708 luit!
408 650 470 709 Aut
488 646 556 727 quis
574 647 655 728 prior
674 647 758 713 dedit
778 649 821 712 illi
842 661 933 730 atque
954 649 1131 714 retribuetur
1151 648 1197 712 ei!

97 741 235 818 Quoniam
249 763 288 807 err
307 743 374 826 ipso
390 757 481 826 atque
500 765 554 826 per
573 748 672 828 ipsum
686 760 777 829 utque
791 747 902 830 inipso
916 763 986 812 suut
1000 749 1121 813 omnia!
1141 747 1198 828 ipsi

96 841 177 920 gloria
189 841 220 904 iu
234 845 336 906 secula
347 846 516 908 seculorum
530 849 640 910 Amen.

151 943 204 1005 Gr.
239 943 430 1008 Benedictus·
443 965 476 1008 es
497 946 620 1010 domine
639 947 691 1026 qui
713 947 835 1011 intueris
856 950 981 1029 abyssos
1001 960 1092 1027 atque
1111 950 1199 1011 sedes

97 1059 175 1119 super
193 1043 356 1122 cherubyn.
1273 1037 1277 1046 '

156 1143 184 1202 V.
225 1140 402 1204 Benedicite
421 1143 510 1206 deum
529 1144 586 1207 celi
606 1143 677 1223 quia
695 1144 765 1208 lecit
785 1143 943 1208 nobiscum
963 1143 1196 1206 misericordiam

96 1257 177 1300 suam.
220 1239 356 1304 Alleluia.

156 1341 185 1401 V.
226 1341 408 1403 Benedictus
440 1359 474 1404 es
505 1341 630 1405 domine
663 1342 736 1406 deus
764 1354 882 1423 patrum
910 1351 1079 1405 nostrorum
1107 1352 1197 1420 atque

94 1437 237 1500 leudabilis
257 1437 288 1500 in
310 1440 418 1502 secula„

149 1538 486 1619 &tundunffohonuerm
524 1544 561 1601 In
583 1541 634 1602 illo
649 1550 793 1619 tempore.
831 1538 914 1603 Dixit
928 1541 1028 1602 ihesus
1042 1538 1195 1618 discipulis

95 1633 155 1696 suis
195 1637 274 1698 Cum
297 1635 413 1698 uenerit
437 1639 596 1717 paraclitus
620 1658 710 1718 quem
735 1659 793 1718 ego
817 1639 932 1700 mittam
959 1639 1046 1700 uobis
1070 1659 1088 1699 a
1111 1648 1194 1715 patre

95 1731 219 1810 spiritum
231 1733 365 1797 ueritatis
378 1735 430 1814 qui
444 1757 463 1798 a
476 1747 560 1816 patre
573 1736 723 1816 procedit!
745 1737 794 1800 ille
809 1733 1012 1801 testimonium
1028 1735 1196 1815 perhibebit

95 1829 129 1891 de
141 1850 194 1894 ure
238 1833 277 1893 Et
296 1853 352 1894 uos
371 1833 575 1898 testimouium
594 1832 806 1915 perhibebitis!
821 1834 893 1915 quia
910 1836 949 1899 ab
967 1833 1059 1897 inicio
1076 1853 1192 1897 mecum

95 1929 165 1991 estis.
207 1933 276 1994 Hec
294 1933 413 1994 locutus
431 1951 497 1995 sum
517 1932 622 1997 uobis!
642 1945 758 1996 utnon
776 1931 1029 1998 scandalizemini.
1071 1934 1195 2011 Absque

94 2027 240 2109 synagogis
263 2029 375 2094 facient
396 2051 459 2094 uos
502 2031 563 2095 Sed
584 2032 667 2095 uenit
688 2032 778 2094 hora!
807 2041 840 2094 ut
861 2029 960 2094 omnis
980 2030 1033 2111 qui
1057 2030 1196 2094 interficit

94 2145 143 2189 uos
167 2129 323 2191 arbitretur
350 2129 529 2208 obsequium
554 2143 670 2209 patrare
693 2131 761 2193 deo.
806 2131 846 2193 Et
870 2131 927 2192 hec
951 2127 1062 2192 sacient
1089 2129 1196 2191 uobis!
1253 2163 1260 2174 ·

94 2225 157 2299 quia
167 2246 226 2289 non
237 2241 387 2290 uouerunt
398 2239 512 2308 patrem
528 2248 628 2308 neque
641 2251 699 2292 me.
732 2230 791 2292 Sed
806 2231 863 2292 hec
877 2232 995 2292 locutus
1010 2249 1075 2290 sum
1089 2229 1195 2292 uobis!

94 2333 122 2382 ut
134 2343 197 2386 cum
213 2326 328 2388 uenerit
341 2326 416 2388 hora
429 2347 532 2388 eorum
547 2327 796 2390 reminiscamini!
817 2326 888 2407 quia
901 2348 958 2406 ego
971 2327 1033 2388 dixi
1048 2327 1142 2414 uobis.

151 2424 205 2502 Off
262 2425 443 2487 Benedictus
477 2426 515 2487 sit
549 2427 625 2488 deus
660 2426 982 2507 pater-unigenitusque
1016 2426 1065 2488 dei
1100 2425 1195 2487 lilius!

94 2523 210 2584 Sanctus
224 2543 346 2602 quoque
363 2523 482 2602 spiritus
500 2521 571 2603 quia
588 2526 659 2586 lecit
678 2523 834 2587 nobiscum
852 2523 1085 2587 misericordiam
1101 2543 1194 2586 suam.

97 2621 165 2680 Com.
208 2621 420 2684 Benedicimus
439 2623 531 2684 deum
552 2620 609 2684 celi
629 2633 721 2701 atque
741 2642 843 2685 corum
865 2623 1005 2686 omuibus
1024 2620 1196 2685 uiuentibus

93 2719 292 2782 coufitebirnur
312 2716 339 2780 ei
361 2717 431 2798 quia
452 2717 522 2782 iecit
543 2717 699 2781 nobiscum
722 2716 955 2782 misericordiam
970 2739 1063 2782 suam.

146 2819 193 2877 De
218 2825 319 2878 sancta
345 2837 431 2878 cruce.
489 2818 648 2878 &cundum
677 2819 840 2879 Marteum.
899 2821 937 2878 ln
971 2817 1024 2880 illo
1058 2827 1196 2896 tempore

93 2917 250 2977 uoendens
276 2915 377 2978 ihesus
403 2915 622 2978 ierosolimam!
654 2918 815 2996 assumpsit
843 2916 1003 2979 duodecim
1032 2917 1195 2995 discipulos

93 3031 155 3074 sios
173 3027 297 3078 secreto.
339 3025 430 3094 atque
448 3015 489 3076 ait
508 3014 573 3076 illis.
618 3018 698 3078 Ecce
717 3017 906 3078 ascendimus
924 3015 1143 3078 ierosolimam!
1166 3027 1195 3078 et

93 3113 160 3174 filius
173 3114 304 3175 bominis
319 3115 449 3176 tradetur
468 3113 652 3194 principibus
672 3116 862 3176 sacerdotum
882 3126 972 3191 atque
986 3114 1090 3176 scribis
1104 3125 1194 3192 atque

93 3213 350 3292 condempnabunt
374 3232 444 3275 eum
470 3225 574 3274 morte.
619 3214 658 3273 Et
679 3216 797 3275 tradent
820 3233 889 3274 eum
913 3211 1051 3291 gentibus
1072 3213 1110 3274 ad
1133 3213 1195 3274 illu·
1208 3229 1254 3281 ᾗ,

93 3305 226 3367 deudum.
269 3319 361 3384 atque
382 3307 601 3386 flagellandum.
644 3317 736 3384 atque
756 3305 1000 3385 crucifigendum.
1044 3309 1083 3368 Et
1104 3305 1196 3370 tercia

93 3399 134 3462 die
153 3417 294 3482 resurget.

145 3500 305 3561 &curidum
326 3497 475 3559 Murcum.
518 3499 555 3558 In
576 3497 628 3558 illo
653 3508 807 3576 tempore:
836 3499 991 3560 Venerunt
1016 3497 1055 3559 ad
1079 3496 1195 3559 ihesum

92 3595 210 3660 Seducei
230 3594 282 3676 qui
300 3595 406 3658 dicunt
425 3593 669 3658 resurrectionem
689 3615 751 3657 non
766 3601 849 3656 esse!
870 3606 961 3673 atque
975 3593 1197 3674 interrogabant

92 3714 151 3757 tutu
178 3695 323 3759 dicentes
367 3693 528 3774 Magister!
564 3697 687 3774 Moyses
715 3695 802 3758 nobis
831 3695 954 3774 scripsit.
999 3707 1031 3756 ut
1059 3693 1084 3756 si
1111 3694 1196 3756 cuius

92 3795 168 3858 irater
196 3807 332 3856 mortuus
359 3793 447 3856 suerit
474 3805 565 3872 atque
592 3794 737 3857 dimiserit
765 3815 888 3856 uxorem
913 3807 1004 3873 atque
1032 3793 1109 3855 filios
1134 3814 1195 3856 non

91 3890 250 3971 reliquerit!
270 3888 400 3968 accipiat
420 3892 509 3951 frater
529 3888 593 3950 eius
614 3908 736 3950 uxorem
758 3887 851 3966 ipsius
870 3899 900 3951 et
918 3886 1074 3951 resuscitet
1092 3907 1195 3950 semen

91 3989 161 4052 latri
188 4011 254 4052 suo.
307 3993 429 4067 Septem
454 4009 525 4066 ergo
552 3989 654 4050 iratres
682 3991 783 4049 erant!
818 3999 909 4067 atque
937 3987 1051 4066 primus
1078 3985 1195 4065 accepit

91 4103 214 4152 uorem.
236 4098 349 4165 ·atque
373 4095 507 4146 mortuus
531 4097 577 4147 est
601 4105 662 4146 non
688 4083 791 4147 relicto
816 4084 939 4148 semine.
983 4087 1022 4146 Et
1045 4085 1194 4148 secundus

91 4187 198 4268 accepit
223 4207 291 4250 eam
317 4196 407 4263 atque
432 4195 566 4246 mortuus
590 4197 644 4257 est,
668 4195 759 4262 atque
783 4205 840 4246 nec
866 4186 920 4247 iste
940 4183 1058 4263 reliquit
1080 4203 1192 4246 semen.

92 4283 126 4344 Et
136 4285 238 4349 tertius
257 4281 400 4346 similiter.
443 4283 483 4343 Et
502 4292 681 4361 acceperunt
698 4301 764 4343 eam
784 4279 918 4343 similiter
932 4283 1067 4359 septem!
1088 4291 1118 4344 et
1132 4299 1194 4342 non

91 4383 264 4466 reliquerunt
292 4403 405 4446 semen.
459 4379 631 4444 Nouissima
658 4393 760 4444 autem
788 4381 944 4442 omnium!
980 4381 1123 4441 defuncta
1149 4388 1196 4438 est

161 4533 189 4575 C.
1096 4521 1111 4561 2
