3222 5086
55 386 64 411 ⁰
167 365 230 466 111]
373 369 450 444 The
461 370 552 468 fate
575 370 623 467 of
631 369 764 470 sames
790 370 850 443 tlte
878 370 1063 468 Chaplaz'n
1203 391 1268 464 125

163 553 380 636 Justiciarius‚
403 557 446 622 ad
473 555 636 621 beneficia
659 557 763 640 ipsius
787 557 908 621 Prioris
932 558 1031 621 ualde
1054 557 1213 641 ingratus,
1238 557 1270 621 in

165 659 231 726 fine
252 662 476 727 itineracionis
502 683 561 727 sue
588 662 782 728 amerciauit
806 665 953 727 Priorem
976 665 1018 728 ad
1043 664 1112 728 ‚xl⁸.
1135 663 1372 739 solidos,f.46b

164 776 199 831 et
221 778 335 832 tamen
358 767 422 831 hoc
443 767 551 832 noluit
572 768 780 832 innotescere
802 767 912 832 Priori.
959 767 1059 852 Quod
1082 788 1158 832 cum
1181 768 1273 831 Prior

164 892 224 955 per
244 873 413 956 quendam
436 873 580 935 amicum
603 873 816 954 cognouisset
837 872 870 935 in
891 873 1034 949 secretis,
1051 872 1142 936 uenit
1158 892 1271 937 coram

163 975 303 1040 domino
319 975 517 1060 W[illelmo]
538 987 657 1059 petens
678 977 740 1040 sibi
763 976 872 1060 legem
894 997 1108 1041 communem
1125 977 1272 1053 concedi,

163 1080 312 1144 adiciens
332 1082 423 1163 quod
445 1081 621 1164 inquisicio
643 1080 732 1145 facta
753 1081 785 1145 in
808 1083 964 1146 absencia
985 1104 1046 1146 sua
1067 1103 1133 1146 non
1154 1082 1272 1147 debuit

163 1184 227 1248 sibi
243 1184 455 1267 preiudicare.
488 1186 591 1268 Petijt
605 1207 685 1269 ergo
702 1186 957 1270 inquisicionem
971 1186 1039 1251 lieri
1053 1187 1086 1251 in
1099 1187 1272 1270 presencia

162 1309 232 1364 sua,
255 1298 293 1352 ut
319 1289 425 1372 possit
451 1289 604 1353 inimicos
630 1311 708 1354 suos
735 1311 900 1355 amouere.
948 1290 1048 1374 Quod
1080 1302 1114 1355 et
1145 1291 1270 1355 factum

163 1402 222 1456 est.
267 1393 357 1456 Prior
377 1413 510 1476 quoque
531 1393 772 1477 calumpniauit
793 1416 896 1459 unum
919 1405 1050 1460 tantum
1072 1397 1128 1479 qui
1150 1405 1224 1460 erat
1237 1397 1271 1459 in

165 1495 394 1590 inquisicione,
423 1506 457 1561 et
493 1499 593 1562 ceteri
623 1499 900 1581 acquietauerunt
932 1499 1086 1564 Priorem.
1148 1501 1194 1564 Et
1223 1501 1271 1564 sic

164 1601 299 1667 recessit
322 1602 415 1667 Prior
437 1603 579 1686 quietus,
603 1603 690 1668 mala
713 1607 822 1687 gratia
845 1605 948 1688 ipsius
972 1605 1150 1670 iusticiarii.

259 1794 308 1870 36.
352 1788 405 1853 De
425 1789 569 1873 capcione
582 1743 700 1876 Jacobi
719 1792 878 1875 capellani
897 1792 936 1857 de
967 1791 1183 1877 Wygenhaffl.

230 1930 310 1992 Post
331 1929 423 2011 pacis
444 1928 683 1993 lormacionem
705 1930 897 1994 recordatus
918 1941 970 1994 est
992 1932 1085 1995 Prior
1106 1929 1269 1994 malorum
1285 1947 1434 2040 1133th

161 2053 228 2115 que
250 2033 409 2097 sustinuit
430 2033 522 2116 apud
546 2033 758 2116 Wygenhale
784 2055 843 2116 per
863 2035 1027 2117 Jacobum
1049 2035 1270 2118 capellanum,
1283 2049 1384 2150 {effi

163 2137 223 2223 [et]
245 2139 445 2203 auctoritate
461 2139 588 2202 domini
606 2139 725 2222 Legati
742 2141 847 2203 traxit
862 2159 939 2203 eum
956 2140 988 2202 in
1006 2159 1141 2203 causam
1158 2161 1269 2203 coram
1281 2148 1421 2251 fflgflffle

164 2243 276 2306 Priore
305 2245 349 2306 de
381 2240 576 2306 Huntedon.
625 2242 689 2305 Illo
719 2264 799 2306 uero
831 2244 862 2306 in
895 2243 1017 2307 iudicio
1047 2252 1270 2325 comparente,
1282 2249 1400 2341 {3222qu

162 2345 263 2409 linxit
294 2345 568 2428 appellacionem,
595 2356 629 2410 et
656 2346 849 2429 impetrauit
877 2345 1024 2428 judicem
1053 2347 1199 2410 Priorem
1227 2346 1270 2409 de
1282 2349 1334 2441 {2¹1⁰
1323 2349 1417 2451 μέζω

163 2449 410 2532 Wyrmegeye¹,
432 2459 468 2513 et
491 2449 570 2514 fecit
596 2450 742 2515 Priorem
762 2452 856 2514 citari
878 2452 921 2516 ad
945 2451 1215 2534 respondendum
1238 2451 1268 2513 ei
1282 2449 1404 2542 mm·

162 2564 223 2618 etc
256 2555 289 2616 in
321 2554 462 2619 ecclesia
491 2556 706 2619 conuentuali
736 2557 780 2619 de
810 2557 1037 2639 Wyrmegeye
1067 2555 1110 2619 ad
1142 2564 1268 2619 certum

161 2658 261 2722 diem.
322 2657 440 2722 Sciens
475 2666 587 2722 autem
625 2659 718 2723 Prior
754 2659 865 2722 locum
896 2659 990 2723 illum
1020 2679 1093 2722 esse
1123 2659 1268 2722 vicinum

163 2761 311 2826 manerio
345 2760 473 2824 domini
504 2761 694 2846 W[illelmi]
727 2763 868 2827 Bardoll
894 2764 1006 2828 timuit
1037 2763 1103 2827 illic
1129 2763 1269 2846 litigare.

163 2865 301 2932 Studuit
324 2887 404 2950 ergo
425 2865 568 2949 qualiter
590 2877 705 2950 posset
728 2868 839 2931 locum
860 2868 953 2931 illum
975 2878 1072 2932 caute
1093 2866 1269 2945 declinare,

163 2971 319 3053 misitque
330 2970 505 3034 dominum
519 2971 683 3055 Algerum
695 2974 894 3037 canonicum
907 2983 1156 3056 procuratorem
1170 2993 1267 3036 suum

161 3074 204 3137 ad
225 3073 315 3138 diem
331 3073 408 3150 litis,
423 3085 458 3138 et
475 3075 679 3140 aduocatum
695 3097 798 3140 vnum
815 3097 890 3141 cum
907 3099 956 3153 eo,
971 3087 1006 3140 et
1021 3076 1195 3160 predocuit
1210 3097 1268 3140 eos

161 3180 246 3243 duas
266 3199 384 3243 causas
405 3178 607 3263 appellandi.
654 3181 700 3244 Et
720 3183 839 3245 eodem
857 3183 911 3245 die
927 3202 995 3265 quo
1011 3183 1136 3246 direxit
1151 3202 1208 3245 eos
1224 3183 1267 3245 ad

161 3285 250 3349 diem
263 3281 355 3360 litis⁸,
365 3286 491 3349 direxit
502 3286 604 3350 alium
621 3289 817 3350 canonicum
835 3289 1010 3351 dominum
1022 3287 1211 3369 Johannem
1225 3288 1268 3350 de

162 3389 335 3455 Swasham
352 3389 394 3454 ad
410 3392 537 3454 curiam
553 3391 680 3456 domini
699 3392 817 3474 Legati
834 3393 890 3475 qui
907 3400 987 3455 tunc
1002 3401 1074 3455 erat
1091 3391 1267 3469 Londonii,

161 3495 203 3558 ad
227 3497 474 3579 impetrandum
491 3517 589 3579 super
603 3495 703 3559 dictis
719 3496 1012 3579 appellacionibus.
1060 3497 1268 3579 Factumque

161 3601 318 3683 estquod
336 3601 417 3684 ipsis
432 3601 681 3684 appellantibus
697 3624 717 3665 a
734 3602 846 3666 Priore
861 3603 905 3666 de
921 3603 1148 3684 Wyrmegeye
1164 3603 1196 3664 in
1213 3603 1268 3665 die

161 3704 228 3768 litis
244 3704 298 3768 ille
315 3705 399 3768 alius
419 3707 607 3782 canonicus,
623 3705 780 3771 dominus
799 3706 1000 3790 Hohannes]
1020 3710 1064 3772 de
1085 3705 1268 3784 Swafham,

161 3809 195 3872 in
211 3809 301 3872 curia
316 3808 418 3892 legati
434 3809 552 3874 habuit
569 3811 683 3874 literas
698 3830 776 3874 suas
793 3811 825 3873 in
843 3811 988 3875 crastino
1004 3811 1153 3893 signatas
1169 3831 1268 3893 super

161 3913 447 3997 appellacionibus
474 3915 641 3997 predictis
663 3915 868 3997 veniensque
891 3914 983 3979 domi
1008 3915 1210 3990 festinanter,
1233 3915 1266 3977 in

161 4019 280 4082 eodem
303 4017 369 4082 lere
390 4028 564 4083 momento
584 4019 677 4082 uenit
698 4017 855 4082 dominus
880 4018 1026 4101 Algerus
1050 4020 1093 4083 de
1117 4018 1267 4102 partibus

161 4122 392 4204 Wermegeye,
422 4123 566 4198 visisque
601 4122 704 4186 literis
739 4124 772 4186 in
806 4124 920 4188 debita
951 4124 1057 4188 forma
1087 4125 1266 4207 conceptis,

324 4247 406 4299 ¹The
416 4248 553 4314 beginning
564 4249 594 4299 of
601 4249 651 4299 this
662 4259 730 4314 story
741 4249 792 4300 will
805 4250 1055 4318 befoundiuChap.
1068 4266 1107 4315 3²·

325 4331 336 4362 ¹
352 4334 512 4398 Wormegay,
527 4349 543 4382 a
553 4332 632 4384 house
643 4334 673 4385 of
680 4335 771 4385 nostin
782 4334 885 4385 Cenons
896 4334 922 4384 in
934 4333 1050 4384 Norlolk.

324 4413 335 4447 ⁸
350 4415 406 4466 The
418 4415 477 4466 Ms.
487 4425 585 4483 repeats
596 4417 639 4468 the
650 4417 732 4468 words
743 4417 832 4468 eodem
844 4417 885 4468 die
896 4417 960 4467 alter
969 4416 1029 4467 litis.
