3188 5078
138 377 213 478 vn]
418 381 456 454 T
450 387 581 456 enanls
605 380 646 454 in
681 381 948 480 Whitllesford
1172 405 1243 476 313

205 564 379 648 Philippus
397 566 440 630 de
456 565 668 648 Scyreburne
683 575 774 630 tenet
791 567 824 628 in
844 565 1053 632 Holmesseld
1071 565 1135 649 iiij.
1152 587 1244 630 acras

137 677 225 732 terre
252 669 398 734 iacentes
424 670 510 735 inter
540 680 661 735 terram
695 671 833 736 Roberti
863 672 893 736 le
919 671 1074 755 Gigelere
1100 681 1134 735 et
1161 671 1246 735 inter

136 781 260 837 terram
290 793 355 857 que
384 785 524 838 vocatur
552 773 750 853 Grenedich,
776 785 811 840 et
840 777 998 841 abuttant
1027 796 1127 860 super
1158 774 1245 840 Mid-

136 878 295 944 delmore.
342 879 436 944 Idem
467 888 560 944 tenet
586 879 637 963 .vj.
664 901 758 946 acras
788 891 874 945 terre
904 883 938 945 in
968 883 1088 946 eodem
1115 900 1245 964 camp0,

137 983 224 1048 inter
254 993 375 1050 terram
407 984 601 1069 Baldewyni
637 987 679 1050 de
717 987 862 1070 Romely
892 997 926 1053 et
961 998 1082 1052 terram
1114 987 1245 1051 Thome

136 1095 318 1179 carectarij,
345 1105 379 1160 et
405 1096 562 1161 abuttant
588 1118 688 1181 super
718 1108 839 1163 terram
868 1099 1063 1182 Baldewyni
1090 1099 1245 1183 Dakeny.

140 1197 235 1262 Idem
259 1208 352 1264 tenet
374 1199 402 1281 .j.
426 1221 537 1264 acram
561 1211 595 1264 et
617 1201 793 1266 dimidiam
818 1203 850 1265 in
874 1203 993 1267 eodem
1017 1223 1137 1286 campo
1160 1204 1246 1266 inter

136 1311 259 1366 terram
278 1303 355 1368 Ade
370 1303 400 1369 ie
416 1304 565 1383 Chaneu,
579 1315 614 1370 et
629 1315 751 1371 terram
768 1307 918 1390 magistri
935 1307 1083 1384 Walteri,
1099 1316 1133 1372 et
1148 1307 1245 1370 abut-

136 1417 212 1472 tant
223 1429 321 1493 super
337 1417 458 1474 terram
475 1409 615 1493 predicti
633 1410 834 1493 Baldewyni.
876 1411 971 1475 Idem
987 1420 1079 1476 tenet
1092 1410 1120 1495 .j.
1133 1431 1244 1475 acram

136 1521 223 1576 terre
246 1513 278 1576 in
301 1513 419 1578 eodem
447 1535 568 1599 campo
590 1536 689 1600 super
711 1515 893 1598 Waytehil,
911 1517 997 1580 inter
1019 1527 1139 1581 terram
1164 1516 1244 1579 dicti

136 1615 215 1680 Ade
232 1615 262 1680 Ie
278 1617 426 1694 Chanen,
438 1627 471 1682 et
488 1627 609 1682 terram
627 1618 766 1683 Walteri
784 1619 1051 1702 Waynesheued,
1062 1630 1097 1685 et
1112 1621 1244 1684 abuttat

136 1725 373 1799 superterram
390 1717 530 1800 predicti
547 1718 743 1803 Baldewyni
760 1718 914 1802 Dakeny.

712 1819 854 1886 Summa
869 1820 938 1904 ‚xij.
954 1841 1030 1886 acre
1046 1829 1080 1885 et
1095 1819 1243 1885 dimidia

205 1921 298 1987 Idem
330 1921 503 2008 Philippus
533 1933 627 1990 tenet
653 1927 687 1989 in
715 1925 918 1992 Stonhilseld
946 1935 1013 1991 tres
1039 1946 1133 1990 acras
1157 1935 1275 1990 terres.
1294 1953 1337 2003 175

135 2024 223 2090 inter
243 2036 365 2091 terram
389 2026 559 2112 Radulphi
581 2027 624 2093 de
646 2028 868 2096 Dokeswrthe
886 2039 921 2094 et
941 2039 1063 2095 terram
1083 2028 1243 2094 WilIelmi

134 2128 179 2192 de
203 2128 422 2208 Stachedene,
438 2140 473 2195 et
492 2132 651 2197 abuttant
672 2153 773 2216 super
787 2143 909 2199 terram
927 2134 1077 2217 magistri
1093 2132 1243 2198 Walteri.

138 2233 233 2297 Idem
256 2244 347 2300 tenet
368 2236 401 2298 in
422 2236 543 2301 eodem
563 2258 685 2321 campo
706 2238 746 2320 .ij.
763 2259 857 2304 acras
878 2239 965 2304 inter
984 2250 1105 2304 terram
1123 2237 1242 2302 Balde-

135 2339 223 2420 wyni
252 2339 385 2404 RomeIi
415 2351 449 2405 et
473 2350 597 2406 terram
629 2342 768 2408 Roberti
800 2343 830 2408 Ie
857 2342 1000 2428 Gigeler,
1026 2352 1060 2408 et
1086 2343 1243 2407 abuttant

134 2444 240 2508 vnder
259 2443 400 2509 StonhiI.
447 2446 542 2510 Idem
566 2456 659 2512 tenet
682 2448 715 2512 in
738 2447 858 2512 eodem
882 2467 1003 2530 campo
1023 2446 1053 2529 .j.
1073 2466 1184 2510 acram
1208 2454 1243 2510 et

133 2545 163 2628 .j.
195 2545 311 2611 rodam
343 2557 437 2626 terre,
467 2549 553 2615 inter
582 2560 705 2615 terram
736 2551 869 2616 Thome
901 2550 1017 2615 Haket
1051 2559 1086 2614 et
1121 2559 1242 2614 terram

134 2649 266 2714 Thome
301 2652 344 2715 de
376 2651 492 2728 MorIe,
522 2663 556 2717 et
587 2652 720 2718 abuttat
751 2675 851 2738 super
886 2665 1006 2719 terram
1038 2652 1178 2718 Walteri
1212 2653 1243 2716 Ie

136 2755 354 2839 Frankeleyn.
403 2756 499 2820 Idem
522 2767 616 2822 tenet
636 2780 674 2822 .v.
695 2779 789 2823 acras
813 2769 897 2824 terre
920 2759 955 2822 in
979 2759 1097 2822 eodem
1122 2777 1243 2841 campo

134 2860 220 2922 inter
250 2869 369 2922 terram
403 2860 534 2926 Thome
561 2863 604 2927 de
633 2861 740 2925 MorIe
766 2872 800 2926 et
826 2872 946 2926 terram
977 2861 1171 2944 Baldewyni
1199 2861 1243 2926 de

135 2961 289 3046 Romely,
303 2974 337 3028 et
348 2964 482 3029 abuttat
494 2986 594 3049 super
605 2965 835 3030 Thenestrate.
871 2965 966 3030 Idem
984 2975 1076 3030 tenet
1088 2966 1117 3048 .j.
1129 2986 1241 3029 acram

133 3078 169 3133 et
188 3068 363 3133 dimidiam
380 3069 466 3135 Inter
481 3079 605 3135 terram
627 3071 791 3154 Stephani
807 3071 850 3135 de
868 3069 1019 3146 Hatfeld,
1034 3081 1069 3136 et
1084 3071 1242 3136 abuttant

133 3195 234 3256 super
259 3183 382 3238 terram
410 3194 558 3258 persone.
606 3175 699 3240 Idem
724 3185 817 3241 tenet
840 3177 923 3240 duas
947 3197 1040 3240 acras
1064 3177 1097 3240 in
1122 3178 1240 3242 eodem

133 3299 254 3362 campo
270 3279 359 3363 apud
376 3279 644 3364 LongsurIonges
660 3281 746 3345 inter
758 3291 880 3345 terram
893 3281 1043 3364 magistri
1056 3281 1195 3346 Walteri
1207 3291 1242 3345 et

133 3394 255 3448 terram
281 3384 445 3468 Stephani
467 3385 498 3449 Ie
521 3385 743 3468 Frankeleyn,
764 3395 799 3450 et
819 3386 977 3451 abuttant
997 3408 1097 3470 super
1119 3396 1241 3452 terram

133 3489 273 3572 predicti
301 3489 450 3554 Walteri.
498 3489 592 3554 Idem
621 3499 715 3555 tenet
740 3491 804 3573 .vij.
831 3512 924 3555 acras
948 3500 1034 3555 terre
1061 3493 1093 3554 in
1122 3494 1241 3556 eodem

132 3607 253 3670 campo
278 3589 362 3652 inter
384 3599 505 3653 terram
531 3590 681 3672 magistri
706 3589 845 3656 Walteri
868 3601 903 3656 et
925 3601 1047 3656 terram
1071 3592 1240 3674 quondam

131 3690 295 3776 Johannis
316 3693 359 3757 de
382 3691 533 3772 Hatfeld,
549 3703 583 3758 et
605 3695 763 3760 abuttant
784 3716 883 3780 super
903 3706 1024 3761 terram
1047 3696 1179 3761 Thome
1199 3696 1242 3761 de

132 3797 250 3862 Morle.
295 3797 389 3862 Idem
406 3809 498 3863 tenet
514 3798 544 3880 .j.
561 3819 672 3864 acram
689 3810 775 3865 terre
790 3809 826 3866 et
840 3800 868 3883 .j.
885 3803 1000 3866 rodam
1017 3803 1104 3866 inter
1119 3811 1240 3866 terram

132 3901 210 3965 Ade
232 3901 262 3966 le
284 3901 423 3966 Chaneu
443 3911 478 3966 et
499 3911 619 3968 terram
643 3903 839 3988 Baldewyni
862 3904 1018 3989 Dakeny‚
1033 3917 1067 3971 et
1083 3907 1241 3970 abuttant

131 4025 232 4086 super
247 4015 369 4070 terram
386 4005 558 4088 quondam
575 4006 708 4072 Thome
725 4008 882 4072 Attehaz.

476 4109 619 4176 Summa
634 4109 740 4194 ,xxiii
756 4133 833 4176 acre
848 4123 882 4177 et
897 4111 1038 4178 dimidia
1054 4123 1087 4178 et
1103 4113 1131 4196 .j.
1148 4116 1239 4179 roda.

199 4213 295 4278 Idem
312 4212 487 4297 Phihppus
502 4224 595 4280 tenet
611 4217 645 4280 in
663 4216 830 4300 Brigeseld
848 4217 875 4300 .j.
893 4239 1003 4282 acram
1017 4229 1051 4282 et
1062 4219 1238 4284 dimidiam

128 4329 164 4386 et
191 4316 220 4399 .j.
248 4317 363 4381 rodam
394 4317 481 4382 inter
506 4327 629 4383 terram
657 4323 869 4405 preceptoris,
896 4332 930 4385 et
956 4322 1113 4387 abuttant
1139 4344 1241 4407 super

127 4432 252 4488 terram
277 4420 481 4504 Baldewyni.
527 4421 624 4488 Idem
648 4432 742 4489 tenet
763 4444 865 4488 vnam
889 4445 1000 4489 acram
1024 4434 1110 4490 terre
1134 4438 1167 4490 et
1190 4426 1238 4490 di-

129 4525 269 4592 midiam
291 4527 324 4588 in
346 4526 465 4590 eodem
487 4547 617 4610 campo,
637 4527 724 4592 inter
744 4538 867 4594 terram
887 4527 1027 4593 Walteri
1050 4529 1239 4595 Mortelake
