3222 5086
152 367 213 466 111]
452 371 501 468 of
515 371 666 446 Burton
694 371 734 444 in
761 371 941 446 Kesteven
1190 397 1257 467 113

329 569 378 617 22.
422 555 533 618 Aliud
552 554 646 619 breue
665 555 745 638 quia
767 577 880 638 assysa
903 579 966 622 non
989 560 1084 623 amit.

203 691 379 746 Eadwardus
389 691 434 747 dei
444 709 540 762 gracia
549 703 601 748 etc
614 693 773 748 vicecomiti
785 693 911 750 Lincoln.
932 695 1059 750 salutem.
1084 695 1259 763 Precipimus
1272 703 1423 796 Amouda

150 779 200 834 tibi
213 781 290 851 quod
305 781 413 836 habeas
430 798 525 836 coram
542 781 711 852 Justiciariis
729 783 832 837 nostris
851 783 927 853 apud
940 783 1224 839 Westmonasterium
1241 801 1259 838 a
1272 753 1423 846 ffdihie'm

150 867 196 922 die
213 869 318 923 Sancte
334 869 500 925 Trinitatis'
493 888 521 924 m
535 880 592 926 tres
610 871 784 942 septimanas
801 888 920 942 corpora
932 872 1067 926 Willelmi
1084 873 1121 927 de
1134 872 1259 927 Coleuile
1271 805 1340 956 ΞΜ
1317 907 1387 957 May

151 955 187 1010 de
205 957 390 1025 Swynestede
407 957 511 1024 militis,
531 958 666 1013 Willelmi
685 961 722 1014 de
741 959 867 1015 Coleuile
886 962 921 1014 de
943 959 1103 1029 Makeseye,
1120 961 1259 1031 Johannis
1273 955 1338 1007 ¹²³)-

151 1046 186 1100 de
209 1045 311 1114 Corby.
334 1045 468 1100 Willelmi
493 1047 528 1100 de
552 1049 689 1118 Castorpe
713 1050 749 1103 de
776 1048 915 1116 Billisfud,
940 1049 1043 1118 Rogeri
1070 1049 1198 1118 Palelrey
1222 1049 1259 1104 de

151 1134 268 1200 Estone,
290 1134 402 1189 Thome
426 1134 474 1205 filij
501 1135 633 1190 Nicholai
658 1139 695 1192 de
719 1139 836 1204 Estone,
860 1137 976 1192 Roberti
999 1138 1035 1192 de
1061 1137 1201 1206 Billesgey
1223 1137 1259 1192 de

152 1221 288 1289 Nomine,
313 1223 374 1292 Joci
398 1222 447 1293 filij
476 1224 606 1281 Oseberti
632 1226 668 1282 de
694 1225 879 1294 Stilyngtone‚
905 1235 933 1280 et
958 1224 1029 1280 alios
1053 1224 1260 1295 recognitores1

150 1326 249 1379 assyse
273 1310 369 1365 vltime
395 1313 616 1382 presentacionis
645 1331 730 1385 quam
757 1313 835 1368 Prior
864 1314 899 1367 de
925 1314 1096 1368 Bemewelle
1124 1314 1153 1368 in
1182 1315 1259 1369 curia

151 1410 248 1456 nostra
269 1417 365 1456 coram
384 1401 548 1470 justiciarijs
568 1403 672 1457 nostris
695 1404 771 1473 apud
790 1402 1075 1458 westmonasterium
1095 1403 1260 1458 arramiauit

151 1505 247 1544 versus
273 1489 428 1544 Robertum
453 1491 489 1546 de
515 1491 738 1547 Brakeneberwe
763 1501 790 1545 et
819 1492 987 1561 magistrum
1013 1491 1195 1562 Radulphum
1224 1492 1260 1545 de

151 1577 295 1645 Wykham
312 1578 349 1634 de
365 1578 484 1632 ecclesia
500 1580 536 1634 de
554 1581 679 1648 Byrtone
696 1581 725 1635 in
745 1581 905 1636 Kesteuene
923 1597 978 1650 que
995 1590 1087 1646 vacat,
1101 1591 1131 1634 ut
1149 1579 1259 1644 dicitur,

150 1666 188 1722 ad
212 1666 372 1722 faciendam
397 1683 527 1735 assysam
551 1667 630 1722 illam
654 1677 682 1722 et
705 1670 741 1723 ad
764 1669 937 1724 audiendum
962 1668 1098 1723 iudicium
1121 1684 1203 1722 suum
1225 1668 1261 1721 de

150 1755 277 1826 pluribus
295 1756 415 1812 defaltis.

205 1845 378 1916 Precipimus
398 1847 490 1902 eciam
511 1847 562 1902 tibi
583 1848 659 1918 quod
680 1857 722 1902 tot
743 1856 770 1902 et
792 1848 863 1902 tales
885 1857 944 1902 tam
963 1845 1066 1901 milites
1085 1861 1171 1915 quarn
1189 1843 1260 1898 alios

150 1931 255 1988 liberos
272 1943 300 1988 et
316 1935 423 2004 legales
434 1935 564 1991 homines
582 1935 618 1990 de
630 1934 741 1991 visneto
757 1936 884 2006 predicto
898 1936 926 1988 in
945 1935 1065 1988 iuratam
1079 1933 1156 1988 illam
1170 1949 1260 2003 ponas

150 2031 178 2076 et
197 2021 261 2076 illos
279 2022 387 2078 habeas
404 2041 500 2079 coram
517 2025 685 2095 Justiciariis
702 2025 806 2080 nostris
824 2025 901 2095 apud
918 2021 1204 2080 Westmonasten'um
1223 2021 1260 2074 ad

150 2100 290 2178 prefflum
307 2112 458 2168 terminum
476 2115 513 2168 ad
530 2112 689 2168 faciendam
707 2130 836 2183 assysam
853 2113 938 2178 illam,
953 2113 992 2166 ita
1008 2111 1085 2180 quod
1099 2125 1199 2179 assysa
1211 2109 1261 2162 illa

152 2197 189 2252 ad
201 2197 278 2253 diem
295 2199 374 2253 illum
392 2217 450 2254 non
468 2211 614 2256 remaneat
633 2201 774 2272 capienda
789 2218 841 2271 pro
859 2201 970 2256 defectu
989 2195 1220 2267 recognitorum¹‚
1232 2204 1260 2250 et

151 2283 259 2340 habeas
281 2286 321 2340 ibi
342 2287 459 2342 nomina
477 2303 576 2342 eorum
598 2304 669 2357 quos
691 2288 727 2342 de
749 2304 824 2342 nouo
845 2287 1019 2358 apposueris,
1040 2293 1068 2338 et
1089 2285 1144 2338 hoc
1164 2284 1258 2337 breue.

152 2372 238 2428 Teste
256 2375 289 2427 R.
303 2375 340 2430 de
358 2375 508 2444 Laycestre
524 2377 600 2446 apud
617 2375 902 2432 Westmonasterium
916 2393 984 2430 .xxx.
998 2373 1045 2428 die
1062 2371 1137 2441 maij.
1175 2372 1260 2426 Anno

151 2462 230 2532 regni
242 2461 332 2516 nostri
345 2463 409 2531 xvjv.

328 2627 376 2692 23.
421 2610 534 2676 Aliud
552 2610 644 2676 breue
665 2611 744 2695 quia
766 2633 878 2693 assysa
901 2631 965 2676 non
988 2609 1085 2674 uenit.

207 2745 389 2819 E[‹lwardus]
407 2748 452 2804 dei
471 2749 567 2818 gracia
585 2759 637 2804 etc.
654 2749 811 2805 vicecomiti
829 2747 956 2803 Lincoln.
973 2747 1100 2801 salutem.
1139 2740 1260 2813 Precipi·
1274 2737 1379 2830 232¹}ss

153 2853 217 2890 mus
239 2835 290 2892 tibi
310 2837 382 2893 sicut
401 2837 471 2892 alias
489 2837 539 2892 tibi
558 2838 736 2909 precepimus
754 2839 831 2908 quod
848 2838 955 2892 babeas
977 2851 1073 2890 coram
1093 2829 1290 2940 Justiciurijsp
1273 2838 1395 2880 streame

152 2923 257 2979 uostris
279 2924 355 2994 apud
376 2925 661 2981 westmonasterium
683 2943 701 2979 a
725 2925 771 2980 die
795 2923 892 2979 Sancti
914 2921 1053 2993 Jobannis
1079 2917 1239 2989 Baptiste
1231 2933 1261 2971 ιη
1274 2901 1308 2980 wut
1349 2899 1425 2980 :elne

152 3029 204 3066 .xv.
218 3011 279 3066 dies
296 3027 414 3083 corpora
426 3011 561 3068 Willelmi
579 3013 615 3068 de
631 3013 758 3069 Coleuile
773 3013 808 3067 de
823 3012 1011 3080 Swynestede,
1027 3019 1055 3064 et
1073 3018 1116 3063 tot
1127 3003 1263 3062 aliorum²
1275 2987 1302 3080 ,οξ
1329 2998 1383 3080 {ier
1392 3049 1424 3078 on

152 3097 377 3168 recognitorum³
406 3117 505 3170 assyse
535 3100 582 3156 ille
614 3099 710 3155 vltime
737 3099 960 3170 presentacionis
993 3113 1079 3168 quam
1115 3093 1195 3150 Prior
1226 3093 1262 3147 de
1246 3087 1429 3181 efflfflss‘ssff

154 3186 356 3240 Bernewelle'
349 3203 378 3241 rn
403 3188 481 3242 curia
504 3198 602 3243 nostra
631 3205 727 3242 coram
748 3186 912 3258 justiciariis
938 3187 1041 3241 nostris
1069 3185 1144 3256 apud
1169 3184 1262 3239 West-
1276 3189 1379 3231 hadnot

152 3275 355 3328 monasterium
373 3275 535 3330 arramiauit
549 3292 646 3331 versus
661 3277 817 3331 Robertum
834 3275 870 3329 de
885 3272 1147 3328 Brakeneberweet
1136 3269 1263 3340 tmagis-
1275 3238 1419 3332 {risscriiffier

152 3369 227 3415 trum
248 3361 428 3432 Radulphum
448 3363 483 3418 de
501 3363 645 3433 Wykham
664 3363 700 3416 de
719 3361 839 3418 ecclesia
857 3363 893 3416 de
913 3361 1061 3430 Byrtone'
1054 3378 1082 3414 m
1104 3361 1264 3414 Kesteuene
1276 3341 1356 3383 ''³¹¹‘'

152 3465 207 3518 que
227 3461 316 3516 vacat,
336 3459 365 3502 vt
384 3450 492 3519 dicitur,
512 3451 550 3505 ad
569 3450 729 3506 faciendam
748 3466 876 3518 assysam
895 3449 973 3503 illam
992 3457 1019 3502 et
1036 3448 1074 3502 ad
1089 3447 1263 3503 audiendum

154 3537 289 3592 iudicium
302 3555 384 3594 suum
397 3540 433 3594 de
447 3541 572 3611 pluribus
587 3539 706 3596 defaltis.

209 3627 384 3697 Precipimus
397 3629 489 3684 eciam
502 3629 552 3684 tibi
571 3631 643 3686 sicut
660 3630 730 3686 alias
743 3629 920 3700 precepimus
933 3627 1010 3698 quod
1026 3635 1068 3680 tot
1080 3637 1108 3681 et
1121 3625 1192 3680 tales
1205 3635 1264 3680 tam

153 3714 257 3769 milites
276 3733 361 3786 quam
380 3716 450 3773 alios
469 3716 573 3772 liberos
591 3719 721 3773 homines
740 3728 767 3772 et
785 3718 891 3786 legales
909 3718 946 3771 de
964 3715 1074 3769 visneto
1092 3713 1218 3784 predicto
1235 3711 1264 3766 in

153 3818 283 3871 assysam
296 3803 374 3858 illam
387 3821 476 3874 ponas
494 3815 521 3860 et
534 3805 597 3861 illos
614 3807 722 3861 habeas
735 3823 830 3860 coram
848 3803 965 3874 prefatis
978 3800 1147 3872 Justiciarijs
1160 3798 1264 3854 nostris

154 3890 230 3959 apud
243 3890 530 3948 westmonasterium
543 3894 580 3947 ad
593 3894 732 3964 prefatum
746 3893 897 3948 terminum
913 3892 950 3945 ad
963 3889 1123 3946 faciendam
1136 3903 1264 3954 assysam

154 3971 241 4039 illam,
254 3973 295 4028 ita
307 3974 384 4042 quod
400 3991 499 4044 assysa
517 3976 565 4030 illa
585 3993 641 4030 non
662 3985 808 4031 remaneat
826 3975 966 4045 capienda
981 3974 1020 4029 ad
1034 3973 1109 4027 diem
1123 3970 1201 4026 illum
1213 3987 1265 4040 pro

153 4058 264 4113 defectu
277 4060 493 4130 recognitorum,
505 4073 532 4118 et
545 4064 619 4118 scias
632 4063 708 4133 quod
721 4063 891 4118 amerciatus
904 4079 935 4116 es
948 4061 986 4114 ad
999 4078 1031 4113 .x.
1045 4058 1132 4112 libras
1144 4073 1179 4111 eo
1189 4055 1266 4127 quod

153 4155 318 4215 preceptum
330 4157 456 4202 nostrum
471 4148 549 4218 prius
563 4148 629 4205 inde
646 4150 697 4204 tibi
711 4147 849 4204 directum
866 4165 922 4202 non
937 4163 967 4200 es
984 4153 1116 4199 executus
1130 4143 1202 4197 sicut
1215 4139 1265 4195 tibi

153 4244 319 4305 preceptum
344 4235 405 4304 suit,
433 4247 462 4292 et
491 4238 605 4307 grauius
631 4239 702 4294 alias
727 4234 927 4294 amerciaben's
950 4235 1004 4289 nisi
1026 4235 1081 4287 hoc
1103 4239 1267 4302 preceptum

153 4333 282 4378 nostrum
302 4322 410 4392 plenius
430 4327 583 4395 exequaris.

218 4424 227 4456 ¹
245 4425 435 4490 recognicionis
450 4428 508 4480 MS.
614 4427 625 4462 ¹
641 4430 765 4490 toralium,
779 4430 836 4482 MS.
942 4427 953 4458 ³
969 4423 1127 4492 recognituri,
1143 4421 1201 4472 MS.

234 4545 262 4588 c.
1167 4525 1185 4581 8
