<?xml version="1.0" encoding="UTF-8"?>
<!DOCTYPE html PUBLIC "-//W3C//DTD XHTML 1.0 Transitional//EN"
    "http://www.w3.org/TR/xhtml1/DTD/xhtml1-transitional.dtd">
<html xmlns="http://www.w3.org/1999/xhtml" xml:lang="en" lang="en">
 <head>
  <title>
</title>
<meta http-equiv="Content-Type" content="text/html;charset=utf-8" />
  <meta name='ocr-system' content='tesseract 3.04.00' />
  <meta name='ocr-capabilities' content='ocr_page ocr_carea ocr_par ocr_line ocrx_word'/>
</head>
<body>
  <div class='ocr_page' id='page_1' title='image "./libermemorandor00maitgoog_0241.png"; bbox 0 0 3222 5086; ppageno 0'>
   <div class='ocr_carea' id='block_1_1' title="bbox 147 357 1258 463">
    <p class='ocr_par' dir='ltr' id='par_1_1' title="bbox 147 357 1258 463">
     <span class='ocr_line' id='line_1_1' title="bbox 147 357 1258 463; baseline 0.009 -32"><span class='ocrx_word' id='word_1_1' title='bbox 147 357 212 458; x_wconf 92' lang='lat'>111]</span> <span class='ocrx_word' id='word_1_2' title='bbox 389 361 572 463; x_wconf 79' lang='lat' dir='ltr'>Viearage</span> <span class='ocrx_word' id='word_1_3' title='bbox 594 363 641 462; x_wconf 89' lang='lat' dir='ltr'>of</span> <span class='ocrx_word' id='word_1_4' title='bbox 662 363 826 439; x_wconf 82' lang='lat' dir='ltr'>Guilden</span> <span class='ocrx_word' id='word_1_5' title='bbox 849 365 1014 441; x_wconf 77' lang='lat' dir='ltr'>Morden</span> <span class='ocrx_word' id='word_1_6' title='bbox 1191 387 1258 462; x_wconf 84' lang='lat'>173</span> 
     </span>
    </p>
   </div>
   <div class='ocr_carea' id='block_1_2' title="bbox 457 584 954 651">
    <p class='ocr_par' dir='ltr' id='par_1_2' title="bbox 457 584 954 651">
     <span class='ocr_line' id='line_1_2' title="bbox 457 584 954 651; baseline 0.006 -4"><span class='ocrx_word' id='word_1_7' title='bbox 457 587 524 648; x_wconf 92' lang='lat'>106.</span> <span class='ocrx_word' id='word_1_8' title='bbox 570 584 701 648; x_wconf 82' lang='lat' dir='ltr'><em>Littera</em></span> <span class='ocrx_word' id='word_1_9' title='bbox 724 585 954 651; x_wconf 68' lang='lat' dir='ltr'>Institucioms.</span> 
     </span>
    </p>
   </div>
   <div class='ocr_carea' id='block_1_3' title="bbox 204 735 1386 811">
    <p class='ocr_par' dir='ltr' id='par_1_3' title="bbox 204 735 1386 811">
     <span class='ocr_line' id='line_1_3' title="bbox 204 735 1386 811; baseline -0.003 -21"><span class='ocrx_word' id='word_1_10' title='bbox 204 735 355 791; x_wconf 89' lang='lat' dir='ltr'>Uniuersis</span> <span class='ocrx_word' id='word_1_11' title='bbox 373 747 518 806; x_wconf 84' lang='lat' dir='ltr'>presentes</span> <span class='ocrx_word' id='word_1_12' title='bbox 537 738 644 793; x_wconf 82' lang='lat' dir='ltr'><strong>litteras</strong></span> <span class='ocrx_word' id='word_1_13' title='bbox 662 739 831 809; x_wconf 86' lang='lat' dir='ltr'>inspecturis</span> <span class='ocrx_word' id='word_1_14' title='bbox 847 739 976 795; x_wconf 87' lang='lat' dir='ltr'>officialis</span> <span class='ocrx_word' id='word_1_15' title='bbox 988 739 1158 796; x_wconf 86' lang='lat' dir='ltr'>venerabilis</span> <span class='ocrx_word' id='word_1_16' title='bbox 1171 741 1259 811; x_wconf 86' lang='lat' dir='ltr'>patris</span> <span class='ocrx_word' id='word_1_17' title='bbox 1274 749 1348 790; x_wconf 68' lang='lat' dir='ltr'>eorm</span> <span class='ocrx_word' id='word_1_18' title='bbox 1358 745 1386 788; x_wconf 78' lang='lat' dir='ltr'>ot</span> 
     </span>
    </p>
   </div>
   <div class='ocr_carea' id='block_1_4' title="bbox 150 797 1413 896">
    <p class='ocr_par' dir='ltr' id='par_1_4' title="bbox 150 797 1413 896">
     <span class='ocr_line' id='line_1_4' title="bbox 150 797 1413 896; baseline 0.004 -18"><span class='ocrx_word' id='word_1_19' title='bbox 150 821 307 895; x_wconf 80' lang='lat' dir='ltr'>l·l[ugonis]</span> <span class='ocrx_word' id='word_1_20' title='bbox 322 825 376 878; x_wconf 91' lang='lat' dir='ltr'>Dei</span> <span class='ocrx_word' id='word_1_21' title='bbox 389 825 485 894; x_wconf 82' lang='lat' dir='ltr'>gracia</span> <span class='ocrx_word' id='word_1_22' title='bbox 499 825 635 896; x_wconf 87' lang='lat' dir='ltr'><strong>Episcopi</strong></span> <span class='ocrx_word' id='word_1_23' title='bbox 650 826 782 895; x_wconf 86' lang='lat' dir='ltr'>Elyensis</span> <span class='ocrx_word' id='word_1_24' title='bbox 796 827 915 881; x_wconf 88' lang='lat' dir='ltr'>salutem</span> <span class='ocrx_word' id='word_1_25' title='bbox 930 827 956 880; x_wconf 92' lang='lat' dir='ltr'>in</span> <span class='ocrx_word' id='word_1_26' title='bbox 972 837 1086 882; x_wconf 86' lang='lat' dir='ltr'>auctore</span> <span class='ocrx_word' id='word_1_27' title='bbox 1099 827 1204 882; x_wconf 89' lang='lat' dir='ltr'>salutis.</span> <span class='ocrx_word' id='word_1_28' title='bbox 1272 797 1413 890; x_wconf 52' lang='lat' dir='ltr'>{isfiss&#39;me</span> 
     </span>
    </p>
   </div>
   <div class='ocr_carea' id='block_1_5' title="bbox 148 897 1428 2474">
    <p class='ocr_par' dir='ltr' id='par_1_5' title="bbox 148 897 1428 2125">
     <span class='ocr_line' id='line_1_5' title="bbox 204 897 1428 990; baseline 0.002 -23"><span class='ocrx_word' id='word_1_29' title='bbox 204 911 391 968; x_wconf 87' lang='lat' dir='ltr'>Uniuersitati</span> <span class='ocrx_word' id='word_1_30' title='bbox 408 925 501 970; x_wconf 86' lang='lat' dir='ltr'>uestre</span> <span class='ocrx_word' id='word_1_31' title='bbox 518 924 615 969; x_wconf 90' lang='lat' dir='ltr'>tenore</span> <span class='ocrx_word' id='word_1_32' title='bbox 633 914 810 983; x_wconf 88' lang='lat' dir='ltr'>presencium</span> <span class='ocrx_word' id='word_1_33' title='bbox 823 927 922 969; x_wconf 89' lang='lat' dir='ltr'>notum</span> <span class='ocrx_word' id='word_1_34' title='bbox 935 915 983 970; x_wconf 83' lang='lat' dir='ltr'>liat</span> <span class='ocrx_word' id='word_1_35' title='bbox 996 915 1072 985; x_wconf 91' lang='lat' dir='ltr'>quod</span> <span class='ocrx_word' id='word_1_36' title='bbox 1086 932 1138 969; x_wconf 89' lang='lat' dir='ltr'>nos</span> <span class='ocrx_word' id='word_1_37' title='bbox 1153 917 1259 970; x_wconf 82' lang='lat' dir='ltr'>Lucam</span> <span class='ocrx_word' id='word_1_38' title='bbox 1272 899 1387 990; x_wconf 55' lang='lat' dir='ltr'>&#39;gffiffl‘</span> <span class='ocrx_word' id='word_1_39' title='bbox 1400 897 1428 939; x_wconf 68' lang='lat'>⁰¹</span> 
     </span>
     <span class='ocr_line' id='line_1_6' title="bbox 148 999 1424 1101; baseline 0.002 -47"><span class='ocrx_word' id='word_1_40' title='bbox 148 999 185 1056; x_wconf 86' lang='lat' dir='ltr'>de</span> <span class='ocrx_word' id='word_1_41' title='bbox 204 1001 384 1070; x_wconf 84' lang='lat' dir='ltr'>Abingetone</span> <span class='ocrx_word' id='word_1_42' title='bbox 402 1001 588 1072; x_wconf 87' lang='lat' dir='ltr'>presbiterum</span> <span class='ocrx_word' id='word_1_43' title='bbox 608 1020 625 1058; x_wconf 91' lang='lat' dir='ltr'>a</span> <span class='ocrx_word' id='word_1_44' title='bbox 645 1003 796 1070; x_wconf 72' lang='lat' dir='ltr'>Religiosis</span> <span class='ocrx_word' id='word_1_45' title='bbox 813 1003 882 1058; x_wconf 90' lang='lat' dir='ltr'>uiris</span> <span class='ocrx_word' id='word_1_46' title='bbox 903 1003 998 1060; x_wconf 86' lang='lat' dir='ltr'>Priore</span> <span class='ocrx_word' id='word_1_47' title='bbox 1016 1013 1044 1058; x_wconf 93' lang='lat' dir='ltr'>et</span> <span class='ocrx_word' id='word_1_48' title='bbox 1063 1013 1204 1058; x_wconf 87' lang='lat' dir='ltr'>conuentu</span> <span class='ocrx_word' id='word_1_49' title='bbox 1224 1002 1260 1057; x_wconf 87' lang='lat' dir='ltr'>de</span> <span class='ocrx_word' id='word_1_50' title='bbox 1275 999 1424 1101; x_wconf 46' lang='lat' dir='ltr'>&#39;gss‘dssffi</span> 
     </span>
     <span class='ocr_line' id='line_1_7' title="bbox 151 1061 1363 1162; baseline 0.002 -20"><span class='ocrx_word' id='word_1_51' title='bbox 151 1088 322 1144; x_wconf 81' lang='lat' dir='ltr'>Bemewelle</span> <span class='ocrx_word' id='word_1_52' title='bbox 335 1088 372 1143; x_wconf 87' lang='lat' dir='ltr'>ad</span> <span class='ocrx_word' id='word_1_53' title='bbox 385 1089 520 1144; x_wconf 84' lang='lat' dir='ltr'>vicariam</span> <span class='ocrx_word' id='word_1_54' title='bbox 533 1089 653 1146; x_wconf 80' lang='lat' dir='ltr'>ecclesie</span> <span class='ocrx_word' id='word_1_55' title='bbox 662 1091 698 1145; x_wconf 87' lang='lat' dir='ltr'>de</span> <span class='ocrx_word' id='word_1_56' title='bbox 709 1091 968 1146; x_wconf 87' lang='lat' dir='ltr'>Gildenemordone</span> <span class='ocrx_word' id='word_1_57' title='bbox 978 1109 1027 1162; x_wconf 87' lang='lat' dir='ltr'>per</span> <span class='ocrx_word' id='word_1_58' title='bbox 1034 1091 1259 1160; x_wconf 82' lang='lat' dir='ltr'>resignacionem</span> <span class='ocrx_word' id='word_1_59' title='bbox 1274 1061 1283 1091; x_wconf 71' lang='lat'><em>¹</em></span> <span class='ocrx_word' id='word_1_60' title='bbox 1327 1061 1339 1091; x_wconf 47' lang='grc' dir='ltr'><strong>ε</strong></span> <span class='ocrx_word' id='word_1_61' title='bbox 1358 1077 1363 1090; x_wconf 74' lang='grc'>’</span> 
     </span>
     <span class='ocr_line' id='line_1_8' title="bbox 148 1175 1260 1250; baseline 0.002 -20"><span class='ocrx_word' id='word_1_62' title='bbox 148 1175 290 1245; x_wconf 77' lang='lat' dir='ltr'>johannis</span> <span class='ocrx_word' id='word_1_63' title='bbox 314 1177 351 1232; x_wconf 86' lang='lat' dir='ltr'>de</span> <span class='ocrx_word' id='word_1_64' title='bbox 375 1177 433 1230; x_wconf 88' lang='lat' dir='ltr'>alta</span> <span class='ocrx_word' id='word_1_65' title='bbox 458 1178 560 1232; x_wconf 88' lang='lat' dir='ltr'>Estera</span> <span class='ocrx_word' id='word_1_66' title='bbox 584 1189 743 1246; x_wconf 85' lang='lat' dir='ltr'>uacantem,</span> <span class='ocrx_word' id='word_1_67' title='bbox 769 1188 796 1233; x_wconf 90' lang='lat' dir='ltr'>et</span> <span class='ocrx_word' id='word_1_68' title='bbox 821 1181 859 1234; x_wconf 89' lang='lat' dir='ltr'>ad</span> <span class='ocrx_word' id='word_1_69' title='bbox 883 1179 1008 1250; x_wconf 89' lang='lat' dir='ltr'>ipsorum</span> <span class='ocrx_word' id='word_1_70' title='bbox 1037 1179 1260 1234; x_wconf 88' lang='lat' dir='ltr'>aduocacionem</span> 
     </span>
     <span class='ocr_line' id='line_1_9' title="bbox 149 1263 1261 1335; baseline 0.004 -20"><span class='ocrx_word' id='word_1_71' title='bbox 149 1271 327 1332; x_wconf 84' lang='lat' dir='ltr'>spectantem</span> <span class='ocrx_word' id='word_1_72' title='bbox 351 1263 435 1318; x_wconf 87' lang='lat' dir='ltr'>nobis</span> <span class='ocrx_word' id='word_1_73' title='bbox 460 1263 597 1320; x_wconf 88' lang='lat' dir='ltr'>canonice</span> <span class='ocrx_word' id='word_1_74' title='bbox 621 1264 837 1335; x_wconf 83' lang='lat' dir='ltr'>presentatum1,</span> <span class='ocrx_word' id='word_1_75' title='bbox 861 1264 997 1321; x_wconf 82' lang='lat' dir='ltr'>vicarium</span> <span class='ocrx_word' id='word_1_76' title='bbox 1028 1265 1200 1321; x_wconf 85' lang='lat' dir='ltr'>instituimus</span> <span class='ocrx_word' id='word_1_77' title='bbox 1231 1266 1261 1320; x_wconf 92' lang='lat' dir='ltr'>in</span> 
     </span>
     <span class='ocr_line' id='line_1_10' title="bbox 149 1350 1261 1424; baseline 0.002 -20"><span class='ocrx_word' id='word_1_78' title='bbox 149 1351 260 1416; x_wconf 85' lang='lat' dir='ltr'>eadem,</span> <span class='ocrx_word' id='word_1_79' title='bbox 274 1351 355 1406; x_wconf 91' lang='lat' dir='ltr'>salua</span> <span class='ocrx_word' id='word_1_80' title='bbox 373 1350 457 1406; x_wconf 90' lang='lat' dir='ltr'>dictis</span> <span class='ocrx_word' id='word_1_81' title='bbox 477 1352 565 1406; x_wconf 89' lang='lat' dir='ltr'>Priori</span> <span class='ocrx_word' id='word_1_82' title='bbox 585 1363 613 1406; x_wconf 88' lang='lat' dir='ltr'>et</span> <span class='ocrx_word' id='word_1_83' title='bbox 633 1353 793 1409; x_wconf 88' lang='lat' dir='ltr'>Conuentui</span> <span class='ocrx_word' id='word_1_84' title='bbox 806 1371 902 1408; x_wconf 87' lang='lat' dir='ltr'>annua</span> <span class='ocrx_word' id='word_1_85' title='bbox 915 1353 1053 1424; x_wconf 80' lang='lat' dir='ltr'>pensione</span> <span class='ocrx_word' id='word_1_86' title='bbox 1065 1352 1147 1408; x_wconf 90' lang='lat' dir='ltr'>vnius</span> <span class='ocrx_word' id='word_1_87' title='bbox 1167 1369 1261 1407; x_wconf 87' lang='lat' dir='ltr'>marce</span> 
     </span>
     <span class='ocr_line' id='line_1_11' title="bbox 150 1437 1261 1508; baseline 0.002 -16"><span class='ocrx_word' id='word_1_88' title='bbox 150 1437 221 1508; x_wconf 88' lang='lat' dir='ltr'>ipsis</span> <span class='ocrx_word' id='word_1_89' title='bbox 244 1456 262 1493; x_wconf 91' lang='lat' dir='ltr'>a</span> <span class='ocrx_word' id='word_1_90' title='bbox 284 1437 361 1493; x_wconf 89' lang='lat' dir='ltr'>dicto</span> <span class='ocrx_word' id='word_1_91' title='bbox 386 1438 491 1494; x_wconf 84' lang='lat' dir='ltr'>vicario</span> <span class='ocrx_word' id='word_1_92' title='bbox 516 1449 544 1496; x_wconf 85' lang='lat' dir='ltr'>et</span> <span class='ocrx_word' id='word_1_93' title='bbox 569 1440 628 1495; x_wconf 89' lang='lat' dir='ltr'>suis</span> <span class='ocrx_word' id='word_1_94' title='bbox 653 1441 863 1497; x_wconf 89' lang='lat' dir='ltr'>successoribus</span> <span class='ocrx_word' id='word_1_95' title='bbox 888 1442 925 1496; x_wconf 90' lang='lat' dir='ltr'>ad</span> <span class='ocrx_word' id='word_1_96' title='bbox 945 1441 1016 1495; x_wconf 92' lang='lat' dir='ltr'>duos</span> <span class='ocrx_word' id='word_1_97' title='bbox 1038 1441 1104 1494; x_wconf 89' lang='lat' dir='ltr'>anni</span> <span class='ocrx_word' id='word_1_98' title='bbox 1126 1441 1261 1495; x_wconf 89' lang='lat' dir='ltr'>terminos</span> 
     </span>
     <span class='ocr_line' id='line_1_12' title="bbox 150 1525 1261 1599; baseline 0.003 -20"><span class='ocrx_word' id='word_1_99' title='bbox 150 1525 348 1596; x_wconf 89' lang='lat' dir='ltr'>persoluenda,</span> <span class='ocrx_word' id='word_1_100' title='bbox 373 1537 400 1580; x_wconf 93' lang='lat' dir='ltr'>et</span> <span class='ocrx_word' id='word_1_101' title='bbox 425 1537 543 1598; x_wconf 86' lang='lat' dir='ltr'>excepta</span> <span class='ocrx_word' id='word_1_102' title='bbox 567 1529 679 1584; x_wconf 90' lang='lat' dir='ltr'>decima</span> <span class='ocrx_word' id='word_1_103' title='bbox 704 1527 760 1584; x_wconf 82' lang='lat' dir='ltr'>leni</span> <span class='ocrx_word' id='word_1_104' title='bbox 785 1539 813 1584; x_wconf 92' lang='lat' dir='ltr'>et</span> <span class='ocrx_word' id='word_1_105' title='bbox 839 1529 1074 1596; x_wconf 88' lang='lat' dir='ltr'>molendinorum,</span> <span class='ocrx_word' id='word_1_106' title='bbox 1095 1539 1123 1584; x_wconf 86' lang='lat' dir='ltr'>et</span> <span class='ocrx_word' id='word_1_107' title='bbox 1143 1538 1261 1599; x_wconf 88' lang='lat' dir='ltr'>excepto</span> 
     </span>
     <span class='ocr_line' id='line_1_13' title="bbox 151 1612 1262 1686; baseline 0.005 -20"><span class='ocrx_word' id='word_1_108' title='bbox 151 1613 242 1682; x_wconf 89' lang='lat' dir='ltr'>primo</span> <span class='ocrx_word' id='word_1_109' title='bbox 261 1612 364 1682; x_wconf 84' lang='lat' dir='ltr'>legato,</span> <span class='ocrx_word' id='word_1_110' title='bbox 376 1622 405 1668; x_wconf 93' lang='lat' dir='ltr'>et</span> <span class='ocrx_word' id='word_1_111' title='bbox 422 1623 540 1684; x_wconf 88' lang='lat' dir='ltr'>excepta</span> <span class='ocrx_word' id='word_1_112' title='bbox 556 1614 669 1670; x_wconf 90' lang='lat' dir='ltr'>decima</span> <span class='ocrx_word' id='word_1_113' title='bbox 686 1615 868 1686; x_wconf 77' lang='lat' dir='ltr'>proueniante</span> <span class='ocrx_word' id='word_1_114' title='bbox 885 1615 921 1670; x_wconf 96' lang='lat' dir='ltr'>de</span> <span class='ocrx_word' id='word_1_115' title='bbox 937 1614 1014 1670; x_wconf 90' lang='lat' dir='ltr'>curia</span> <span class='ocrx_word' id='word_1_116' title='bbox 1031 1615 1139 1670; x_wconf 91' lang='lat' dir='ltr'>domini</span> <span class='ocrx_word' id='word_1_117' title='bbox 1159 1615 1262 1671; x_wconf 87' lang='lat' dir='ltr'>Prioris</span> 
     </span>
     <span class='ocr_line' id='line_1_14' title="bbox 151 1699 1262 1774; baseline 0.003 -19"><span class='ocrx_word' id='word_1_118' title='bbox 151 1699 180 1755; x_wconf 88' lang='lat' dir='ltr'>iu</span> <span class='ocrx_word' id='word_1_119' title='bbox 198 1700 300 1755; x_wconf 89' lang='lat' dir='ltr'>eadem</span> <span class='ocrx_word' id='word_1_120' title='bbox 318 1700 394 1770; x_wconf 85' lang='lat' dir='ltr'>villa,</span> <span class='ocrx_word' id='word_1_121' title='bbox 407 1709 436 1756; x_wconf 91' lang='lat' dir='ltr'>et</span> <span class='ocrx_word' id='word_1_122' title='bbox 454 1711 571 1772; x_wconf 85' lang='lat' dir='ltr'>excepta</span> <span class='ocrx_word' id='word_1_123' title='bbox 589 1711 663 1757; x_wconf 87' lang='lat' dir='ltr'>terra</span> <span class='ocrx_word' id='word_1_124' title='bbox 681 1703 775 1772; x_wconf 81' lang='lat' dir='ltr'>legata</span> <span class='ocrx_word' id='word_1_125' title='bbox 793 1703 816 1756; x_wconf 90' lang='lat' dir='ltr'>si</span> <span class='ocrx_word' id='word_1_126' title='bbox 830 1719 888 1774; x_wconf 89' lang='lat' dir='ltr'>qua</span> <span class='ocrx_word' id='word_1_127' title='bbox 906 1702 995 1759; x_wconf 85' lang='lat' dir='ltr'>fuerit.</span> <span class='ocrx_word' id='word_1_128' title='bbox 1035 1705 1072 1758; x_wconf 91' lang='lat' dir='ltr'>Et</span> <span class='ocrx_word' id='word_1_129' title='bbox 1091 1705 1166 1774; x_wconf 91' lang='lat' dir='ltr'>quod</span> <span class='ocrx_word' id='word_1_130' title='bbox 1186 1705 1262 1758; x_wconf 91' lang='lat' dir='ltr'>idem</span> 
     </span>
     <span class='ocr_line' id='line_1_15' title="bbox 149 1787 1261 1862; baseline 0.002 -18"><span class='ocrx_word' id='word_1_131' title='bbox 149 1787 272 1844; x_wconf 84' lang='lat' dir='ltr'>vicarius</span> <span class='ocrx_word' id='word_1_132' title='bbox 285 1789 379 1844; x_wconf 86' lang='lat' dir='ltr'>locare</span> <span class='ocrx_word' id='word_1_133' title='bbox 391 1790 495 1845; x_wconf 88' lang='lat' dir='ltr'>debeat</span> <span class='ocrx_word' id='word_1_134' title='bbox 507 1807 593 1844; x_wconf 84' lang='lat' dir='ltr'>vnum</span> <span class='ocrx_word' id='word_1_135' title='bbox 607 1807 740 1846; x_wconf 91' lang='lat' dir='ltr'>mansum</span> <span class='ocrx_word' id='word_1_136' title='bbox 754 1808 771 1846; x_wconf 91' lang='lat' dir='ltr'>a</span> <span class='ocrx_word' id='word_1_137' title='bbox 783 1791 867 1845; x_wconf 89' lang='lat' dir='ltr'>dictis</span> <span class='ocrx_word' id='word_1_138' title='bbox 883 1790 979 1845; x_wconf 89' lang='lat' dir='ltr'>Priore</span> <span class='ocrx_word' id='word_1_139' title='bbox 991 1801 1019 1844; x_wconf 94' lang='lat' dir='ltr'>et</span> <span class='ocrx_word' id='word_1_140' title='bbox 1038 1793 1189 1846; x_wconf 89' lang='lat' dir='ltr'>Conuentu</span> <span class='ocrx_word' id='word_1_141' title='bbox 1209 1809 1261 1862; x_wconf 90' lang='lat' dir='ltr'>pro</span> 
     </span>
     <span class='ocr_line' id='line_1_16' title="bbox 151 1876 1261 1948; baseline 0.004 -17"><span class='ocrx_word' id='word_1_142' title='bbox 151 1887 272 1948; x_wconf 90' lang='lat' dir='ltr'>quatuor</span> <span class='ocrx_word' id='word_1_143' title='bbox 284 1877 383 1933; x_wconf 86' lang='lat' dir='ltr'>solidis</span> <span class='ocrx_word' id='word_1_144' title='bbox 396 1876 551 1946; x_wconf 84' lang='lat' dir='ltr'>annuatim,</span> <span class='ocrx_word' id='word_1_145' title='bbox 565 1889 593 1934; x_wconf 90' lang='lat' dir='ltr'>et</span> <span class='ocrx_word' id='word_1_146' title='bbox 606 1879 682 1948; x_wconf 91' lang='lat' dir='ltr'>quod</span> <span class='ocrx_word' id='word_1_147' title='bbox 695 1879 792 1934; x_wconf 85' lang='lat' dir='ltr'>omnia</span> <span class='ocrx_word' id='word_1_148' title='bbox 804 1896 891 1934; x_wconf 90' lang='lat' dir='ltr'>onera</span> <span class='ocrx_word' id='word_1_149' title='bbox 904 1879 1056 1946; x_wconf 88' lang='lat' dir='ltr'>ordinaria,</span> <span class='ocrx_word' id='word_1_150' title='bbox 1065 1890 1093 1934; x_wconf 88' lang='lat' dir='ltr'>et</span> <span class='ocrx_word' id='word_1_151' title='bbox 1104 1880 1261 1935; x_wconf 86' lang='lat' dir='ltr'>cantariam</span> 
     </span>
     <span class='ocr_line' id='line_1_17' title="bbox 151 1965 1261 2040; baseline 0.001 -19"><span class='ocrx_word' id='word_1_152' title='bbox 151 1965 268 2036; x_wconf 87' lang='lat' dir='ltr'>Capelle</span> <span class='ocrx_word' id='word_1_153' title='bbox 280 1967 316 2022; x_wconf 86' lang='lat' dir='ltr'>de</span> <span class='ocrx_word' id='word_1_154' title='bbox 330 1967 440 2022; x_wconf 88' lang='lat' dir='ltr'>Redree</span> <span class='ocrx_word' id='word_1_155' title='bbox 454 1978 496 2022; x_wconf 87' lang='lat' dir='ltr'>ter</span> <span class='ocrx_word' id='word_1_156' title='bbox 508 1967 537 2021; x_wconf 91' lang='lat' dir='ltr'>in</span> <span class='ocrx_word' id='word_1_157' title='bbox 550 1969 711 2023; x_wconf 87' lang='lat' dir='ltr'>ebdomada</span> <span class='ocrx_word' id='word_1_158' title='bbox 724 1969 827 2022; x_wconf 88' lang='lat' dir='ltr'>debeat</span> <span class='ocrx_word' id='word_1_159' title='bbox 840 1968 987 2034; x_wconf 87' lang='lat' dir='ltr'>sustinere,</span> <span class='ocrx_word' id='word_1_160' title='bbox 1000 1979 1082 2039; x_wconf 91' lang='lat' dir='ltr'>prout</span> <span class='ocrx_word' id='word_1_161' title='bbox 1100 1967 1129 2022; x_wconf 92' lang='lat' dir='ltr'>in</span> <span class='ocrx_word' id='word_1_162' title='bbox 1145 1968 1261 2040; x_wconf 88' lang='lat' dir='ltr'>inquisi-</span> 
     </span>
     <span class='ocr_line' id='line_1_18' title="bbox 150 2054 663 2125; baseline -0.004 -15"><span class='ocrx_word' id='word_1_163' title='bbox 150 2055 232 2110; x_wconf 89' lang='lat' dir='ltr'>cione</span> <span class='ocrx_word' id='word_1_164' title='bbox 245 2071 329 2125; x_wconf 90' lang='lat' dir='ltr'>super</span> <span class='ocrx_word' id='word_1_165' title='bbox 342 2055 396 2110; x_wconf 90' lang='lat' dir='ltr'>hoc</span> <span class='ocrx_word' id='word_1_166' title='bbox 409 2054 484 2109; x_wconf 86' lang='lat' dir='ltr'>facta</span> <span class='ocrx_word' id='word_1_167' title='bbox 496 2055 663 2111; x_wconf 89' lang='lat' dir='ltr'>continetur.</span> 
     </span>
    </p>

    <p class='ocr_par' dir='ltr' id='par_1_6' title="bbox 150 2141 1263 2474">
     <span class='ocr_line' id='line_1_19' title="bbox 205 2141 1263 2212; baseline 0.001 -17"><span class='ocrx_word' id='word_1_168' title='bbox 205 2141 312 2196; x_wconf 87' lang='lat' dir='ltr'>Datum</span> <span class='ocrx_word' id='word_1_169' title='bbox 334 2141 515 2211; x_wconf 81' lang='lat' dir='ltr'>Cantebrigie</span> <span class='ocrx_word' id='word_1_170' title='bbox 533 2141 580 2198; x_wconf 87' lang='lat' dir='ltr'>die</span> <span class='ocrx_word' id='word_1_171' title='bbox 598 2141 664 2196; x_wconf 90' lang='lat' dir='ltr'>lune</span> <span class='ocrx_word' id='word_1_172' title='bbox 683 2141 811 2212; x_wconf 89' lang='lat' dir='ltr'>proxima</span> <span class='ocrx_word' id='word_1_173' title='bbox 835 2152 898 2212; x_wconf 92' lang='lat' dir='ltr'>post</span> <span class='ocrx_word' id='word_1_174' title='bbox 923 2142 1027 2197; x_wconf 84' lang='lat' dir='ltr'>festum</span> <span class='ocrx_word' id='word_1_175' title='bbox 1053 2151 1151 2196; x_wconf 87' lang='lat' dir='ltr'>sancte</span> <span class='ocrx_word' id='word_1_176' title='bbox 1177 2142 1263 2196; x_wconf 89' lang='lat' dir='ltr'>Lucie</span> 
     </span>
     <span class='ocr_line' id='line_1_20' title="bbox 150 2228 1262 2298; baseline 0 -16"><span class='ocrx_word' id='word_1_177' title='bbox 150 2228 269 2298; x_wconf 79' lang='lat' dir='ltr'>uirginis</span> <span class='ocrx_word' id='word_1_178' title='bbox 293 2245 370 2283; x_wconf 89' lang='lat' dir='ltr'>anno</span> <span class='ocrx_word' id='word_1_179' title='bbox 394 2228 502 2283; x_wconf 87' lang='lat' dir='ltr'>domini</span> <span class='ocrx_word' id='word_1_180' title='bbox 527 2231 795 2284; x_wconf 78' lang='lat' dir='ltr'>m⁰.cc⁰.lx.nono.</span> <span class='ocrx_word' id='word_1_181' title='bbox 835 2231 869 2284; x_wconf 92' lang='lat' dir='ltr'>ln</span> <span class='ocrx_word' id='word_1_182' title='bbox 893 2229 973 2284; x_wconf 89' lang='lat' dir='ltr'>cuius</span> <span class='ocrx_word' id='word_1_183' title='bbox 998 2228 1037 2284; x_wconf 89' lang='lat' dir='ltr'>rei</span> <span class='ocrx_word' id='word_1_184' title='bbox 1066 2228 1262 2284; x_wconf 88' lang='lat' dir='ltr'>testimonium</span> 
     </span>
     <span class='ocr_line' id='line_1_21' title="bbox 151 2314 1261 2387; baseline 0.003 -18"><span class='ocrx_word' id='word_1_185' title='bbox 151 2314 243 2370; x_wconf 90' lang='lat' dir='ltr'>dictus</span> <span class='ocrx_word' id='word_1_186' title='bbox 265 2315 393 2370; x_wconf 83' lang='lat' dir='ltr'>officialis</span> <span class='ocrx_word' id='word_1_187' title='bbox 415 2315 546 2386; x_wconf 88' lang='lat' dir='ltr'>Elyensis</span> <span class='ocrx_word' id='word_1_188' title='bbox 565 2315 603 2370; x_wconf 88' lang='lat' dir='ltr'>ad</span> <span class='ocrx_word' id='word_1_189' title='bbox 625 2325 791 2386; x_wconf 85' lang='lat' dir='ltr'>perpetuam</span> <span class='ocrx_word' id='word_1_190' title='bbox 813 2317 852 2371; x_wconf 88' lang='lat' dir='ltr'>rei</span> <span class='ocrx_word' id='word_1_191' title='bbox 878 2316 1045 2372; x_wconf 88' lang='lat' dir='ltr'>memoriam</span> <span class='ocrx_word' id='word_1_192' title='bbox 1066 2315 1133 2372; x_wconf 88' lang='lat' dir='ltr'>huic</span> <span class='ocrx_word' id='word_1_193' title='bbox 1155 2315 1261 2387; x_wconf 90' lang='lat' dir='ltr'>scripto</span> 
     </span>
     <span class='ocr_line' id='line_1_22' title="bbox 151 2402 597 2474; baseline 0.004 -18"><span class='ocrx_word' id='word_1_194' title='bbox 151 2402 273 2472; x_wconf 84' lang='lat' dir='ltr'>sigillum</span> <span class='ocrx_word' id='word_1_195' title='bbox 287 2419 369 2458; x_wconf 90' lang='lat' dir='ltr'>suum</span> <span class='ocrx_word' id='word_1_196' title='bbox 381 2404 521 2474; x_wconf 88' lang='lat' dir='ltr'>apposuit.</span> <span class='ocrx_word' id='word_1_197' title='bbox 594 2439 597 2444; x_wconf 93' lang='lat'>-</span> 
     </span>
    </p>
   </div>
   <div class='ocr_carea' id='block_1_6' title="bbox 247 2579 1165 2664">
    <p class='ocr_par' dir='ltr' id='par_1_7' title="bbox 247 2579 1165 2664">
     <span class='ocr_line' id='line_1_23' title="bbox 247 2579 1165 2664; baseline 0.003 -22"><span class='ocrx_word' id='word_1_198' title='bbox 247 2595 314 2660; x_wconf 90' lang='lat'>107.</span> <span class='ocrx_word' id='word_1_199' title='bbox 360 2579 412 2642; x_wconf 81' lang='lat' dir='ltr'>De</span> <span class='ocrx_word' id='word_1_200' title='bbox 434 2579 672 2663; x_wconf 82' lang='lat' dir='ltr'>ingratitudine</span> <span class='ocrx_word' id='word_1_201' title='bbox 692 2581 779 2644; x_wconf 83' lang='lat' dir='ltr'>Luce</span> <span class='ocrx_word' id='word_1_202' title='bbox 800 2581 922 2664; x_wconf 75' lang='lat' dir='ltr'>vicartj</span> <span class='ocrx_word' id='word_1_203' title='bbox 940 2581 978 2645; x_wconf 85' lang='lat' dir='ltr'>de</span> <span class='ocrx_word' id='word_1_204' title='bbox 999 2581 1165 2646; x_wconf 72' lang='lat' dir='ltr'>Mordent.</span> 
     </span>
    </p>
   </div>
   <div class='ocr_carea' id='block_1_7' title="bbox 221 2732 1403 2836">
    <p class='ocr_par' dir='ltr' id='par_1_8' title="bbox 221 2732 1403 2836">
     <span class='ocr_line' id='line_1_24' title="bbox 221 2732 1403 2836; baseline 0.003 -41"><span class='ocrx_word' id='word_1_205' title='bbox 221 2732 288 2797; x_wconf 90' lang='lat' dir='ltr'>Iste</span> <span class='ocrx_word' id='word_1_206' title='bbox 317 2733 426 2798; x_wconf 91' lang='lat' dir='ltr'>Lucas</span> <span class='ocrx_word' id='word_1_207' title='bbox 453 2734 593 2797; x_wconf 91' lang='lat' dir='ltr'>vicarius</span> <span class='ocrx_word' id='word_1_208' title='bbox 625 2735 731 2800; x_wconf 89' lang='lat' dir='ltr'>multa</span> <span class='ocrx_word' id='word_1_209' title='bbox 761 2735 958 2818; x_wconf 85' lang='lat' dir='ltr'>grauamina</span> <span class='ocrx_word' id='word_1_210' title='bbox 988 2735 1066 2799; x_wconf 82' lang='lat' dir='ltr'>lecit</span> <span class='ocrx_word' id='word_1_211' title='bbox 1098 2735 1200 2799; x_wconf 91' lang='lat' dir='ltr'>Priori</span> <span class='ocrx_word' id='word_1_212' title='bbox 1228 2745 1262 2799; x_wconf 91' lang='lat' dir='ltr'>et</span> <span class='ocrx_word' id='word_1_213' title='bbox 1277 2743 1403 2836; x_wconf 53' lang='lat'>{¹332}</span> 
     </span>
    </p>
   </div>
   <div class='ocr_carea' id='block_1_8' title="bbox 153 2836 1388 2937">
    <p class='ocr_par' dir='ltr' id='par_1_9' title="bbox 153 2836 1388 2937">
     <span class='ocr_line' id='line_1_25' title="bbox 153 2836 1388 2937; baseline 0.002 -35"><span class='ocrx_word' id='word_1_214' title='bbox 153 2836 331 2902; x_wconf 87' lang='lat' dir='ltr'>Canonicis</span> <span class='ocrx_word' id='word_1_215' title='bbox 361 2839 404 2902; x_wconf 93' lang='lat' dir='ltr'>de</span> <span class='ocrx_word' id='word_1_216' title='bbox 435 2837 637 2903; x_wconf 88' lang='lat' dir='ltr'>Bemewelle</span> <span class='ocrx_word' id='word_1_217' title='bbox 663 2839 808 2903; x_wconf 91' lang='lat' dir='ltr'>dominis</span> <span class='ocrx_word' id='word_1_218' title='bbox 833 2839 909 2902; x_wconf 92' lang='lat' dir='ltr'>suis.</span> <span class='ocrx_word' id='word_1_219' title='bbox 956 2840 1067 2903; x_wconf 91' lang='lat' dir='ltr'>Primo</span> <span class='ocrx_word' id='word_1_220' title='bbox 1094 2839 1263 2904; x_wconf 88' lang='lat' dir='ltr'>subtraxit</span> <span class='ocrx_word' id='word_1_221' title='bbox 1276 2845 1388 2937; x_wconf 48' lang='lat'>§3322</span> 
     </span>
    </p>
   </div>
   <div class='ocr_carea' id='block_1_9' title="bbox 153 2943 1406 3038">
    <p class='ocr_par' dir='ltr' id='par_1_10' title="bbox 153 2943 1406 3038">
     <span class='ocr_line' id='line_1_26' title="bbox 153 2943 1406 3038; baseline 0.004 -32"><span class='ocrx_word' id='word_1_222' title='bbox 153 2962 300 3007; x_wconf 87' lang='lat' dir='ltr'>annuam</span> <span class='ocrx_word' id='word_1_223' title='bbox 331 2943 542 3026; x_wconf 87' lang='lat' dir='ltr'>pensionem.</span> <span class='ocrx_word' id='word_1_224' title='bbox 554 2943 706 3025; x_wconf 86' lang='lat' dir='ltr'>j.marce</span> <span class='ocrx_word' id='word_1_225' title='bbox 736 2953 770 3007; x_wconf 89' lang='lat' dir='ltr'>et</span> <span class='ocrx_word' id='word_1_226' title='bbox 799 2954 944 3027; x_wconf 90' lang='lat' dir='ltr'>quatuor</span> <span class='ocrx_word' id='word_1_227' title='bbox 969 2944 1151 3009; x_wconf 88' lang='lat' dir='ltr'>solidorum</span> <span class='ocrx_word' id='word_1_228' title='bbox 1178 2963 1263 3027; x_wconf 91' lang='lat' dir='ltr'>quos</span> <span class='ocrx_word' id='word_1_229' title='bbox 1276 2945 1406 3038; x_wconf 56' lang='lat' dir='ltr'>ffigffg</span> 
     </span>
    </p>
   </div>
   <div class='ocr_carea' id='block_1_10' title="bbox 152 3045 1421 3139">
    <p class='ocr_par' dir='ltr' id='par_1_11' title="bbox 152 3045 1421 3139">
     <span class='ocr_line' id='line_1_27' title="bbox 152 3045 1421 3139; baseline 0.004 -30"><span class='ocrx_word' id='word_1_230' title='bbox 152 3046 281 3111; x_wconf 88' lang='lat' dir='ltr'>soluere</span> <span class='ocrx_word' id='word_1_231' title='bbox 296 3047 412 3112; x_wconf 88' lang='lat' dir='ltr'>debuit</span> <span class='ocrx_word' id='word_1_232' title='bbox 428 3069 488 3131; x_wconf 92' lang='lat' dir='ltr'>pro</span> <span class='ocrx_word' id='word_1_233' title='bbox 503 3047 661 3131; x_wconf 90' lang='lat' dir='ltr'>hospicio.</span> <span class='ocrx_word' id='word_1_234' title='bbox 722 3047 937 3132; x_wconf 87' lang='lat' dir='ltr'>Quapropter</span> <span class='ocrx_word' id='word_1_235' title='bbox 958 3048 1051 3111; x_wconf 87' lang='lat' dir='ltr'>Prior</span> <span class='ocrx_word' id='word_1_236' title='bbox 1071 3048 1262 3131; x_wconf 86' lang='lat' dir='ltr'>impetrauit</span> <span class='ocrx_word' id='word_1_237' title='bbox 1275 3045 1421 3139; x_wconf 45' lang='lat' dir='ltr'>522¹&amp;ssss</span> 
     </span>
    </p>
   </div>
   <div class='ocr_carea' id='block_1_11' title="bbox 153 3126 1426 3250">
    <p class='ocr_par' dir='ltr' id='par_1_12' title="bbox 153 3126 1426 3250">
     <span class='ocr_line' id='line_1_28' title="bbox 153 3126 1426 3250; baseline 0.003 -35"><span class='ocrx_word' id='word_1_238' title='bbox 153 3151 280 3216; x_wconf 83' lang='lat' dir='ltr'>litteras</span> <span class='ocrx_word' id='word_1_239' title='bbox 300 3153 438 3237; x_wconf 89' lang='lat' dir='ltr'>papales</span> <span class='ocrx_word' id='word_1_240' title='bbox 459 3154 492 3217; x_wconf 89' lang='lat' dir='ltr'>in</span> <span class='ocrx_word' id='word_1_241' title='bbox 514 3153 621 3218; x_wconf 81' lang='lat' dir='ltr'>forma</span> <span class='ocrx_word' id='word_1_242' title='bbox 641 3154 811 3218; x_wconf 92' lang='lat' dir='ltr'>communi</span> <span class='ocrx_word' id='word_1_243' title='bbox 833 3162 950 3217; x_wconf 87' lang='lat' dir='ltr'>contra</span> <span class='ocrx_word' id='word_1_244' title='bbox 970 3173 1048 3217; x_wconf 89' lang='lat' dir='ltr'>eum</span> <span class='ocrx_word' id='word_1_245' title='bbox 1067 3153 1110 3216; x_wconf 91' lang='lat' dir='ltr'>de</span> <span class='ocrx_word' id='word_1_246' title='bbox 1126 3151 1261 3217; x_wconf 89' lang='lat' dir='ltr'>redditi·</span> <span class='ocrx_word' id='word_1_247' title='bbox 1275 3126 1377 3240; x_wconf 42' lang='lat'>&amp;3³⁰¹</span> <span class='ocrx_word' id='word_1_248' title='bbox 1391 3208 1426 3250; x_wconf 55' lang='grc' dir='ltr'><strong><em>Μ</em></strong></span> 
     </span>
    </p>
   </div>
   <div class='ocr_carea' id='block_1_12' title="bbox 152 3247 1401 3350">
    <p class='ocr_par' dir='ltr' id='par_1_13' title="bbox 152 3247 1401 3350">
     <span class='ocr_line' id='line_1_29' title="bbox 152 3247 1401 3350; baseline 0.002 -30"><span class='ocrx_word' id='word_1_249' title='bbox 152 3256 215 3320; x_wconf 94' lang='lat' dir='ltr'>bus</span> <span class='ocrx_word' id='word_1_250' title='bbox 252 3257 382 3335; x_wconf 87' lang='lat' dir='ltr'>debitis,</span> <span class='ocrx_word' id='word_1_251' title='bbox 413 3258 687 3342; x_wconf 86' lang='lat' dir='ltr'>possessionibus,</span> <span class='ocrx_word' id='word_1_252' title='bbox 721 3259 936 3342; x_wconf 88' lang='lat' dir='ltr'>pensionibus</span> <span class='ocrx_word' id='word_1_253' title='bbox 974 3267 1044 3335; x_wconf 83' lang='lat' dir='ltr'>etc,</span> <span class='ocrx_word' id='word_1_254' title='bbox 1073 3268 1108 3322; x_wconf 91' lang='lat' dir='ltr'>et</span> <span class='ocrx_word' id='word_1_255' title='bbox 1145 3247 1401 3350; x_wconf 49' lang='lat' dir='ltr'>habuitssffissst</span> 
     </span>
    </p>
   </div>
   <div class='ocr_carea' id='block_1_13' title="bbox 149 3348 1425 3450">
    <p class='ocr_par' dir='ltr' id='par_1_14' title="bbox 149 3348 1425 3450">
     <span class='ocr_line' id='line_1_30' title="bbox 149 3348 1425 3450; baseline 0.002 -26"><span class='ocrx_word' id='word_1_256' title='bbox 149 3360 297 3443; x_wconf 89' lang='lat' dir='ltr'>judicem</span> <span class='ocrx_word' id='word_1_257' title='bbox 310 3361 454 3426; x_wconf 84' lang='lat' dir='ltr'>Priorem</span> <span class='ocrx_word' id='word_1_258' title='bbox 469 3363 584 3429; x_wconf 88' lang='lat' dir='ltr'>Sancti</span> <span class='ocrx_word' id='word_1_259' title='bbox 596 3363 684 3426; x_wconf 89' lang='lat' dir='ltr'>Petri</span> <span class='ocrx_word' id='word_1_260' title='bbox 695 3362 737 3426; x_wconf 88' lang='lat' dir='ltr'>de</span> <span class='ocrx_word' id='word_1_261' title='bbox 750 3361 947 3445; x_wconf 90' lang='lat' dir='ltr'>Gypwyco¹.</span> <span class='ocrx_word' id='word_1_262' title='bbox 981 3361 1011 3424; x_wconf 95' lang='lat' dir='ltr'>N</span> <span class='ocrx_word' id='word_1_263' title='bbox 1014 3381 1057 3424; x_wconf 94' lang='lat' dir='ltr'>on</span> <span class='ocrx_word' id='word_1_264' title='bbox 1069 3360 1176 3425; x_wconf 92' lang='lat' dir='ltr'>multo</span> <span class='ocrx_word' id='word_1_265' title='bbox 1185 3370 1262 3444; x_wconf 93' lang='lat' dir='ltr'>post</span> <span class='ocrx_word' id='word_1_266' title='bbox 1275 3348 1425 3450; x_wconf 50' lang='lat' dir='ltr'>giam</span> 
     </span>
    </p>
   </div>
   <div class='ocr_carea' id='block_1_14' title="bbox 153 3448 1426 3551">
    <p class='ocr_par' dir='ltr' id='par_1_15' title="bbox 153 3448 1426 3551">
     <span class='ocr_line' id='line_1_31' title="bbox 153 3448 1426 3551; baseline 0.002 -22"><span class='ocrx_word' id='word_1_267' title='bbox 153 3465 253 3530; x_wconf 83' lang='lat' dir='ltr'>irater</span> <span class='ocrx_word' id='word_1_268' title='bbox 270 3465 436 3531; x_wconf 91' lang='lat' dir='ltr'>Robertus</span> <span class='ocrx_word' id='word_1_269' title='bbox 457 3467 500 3530; x_wconf 89' lang='lat' dir='ltr'>de</span> <span class='ocrx_word' id='word_1_270' title='bbox 520 3467 738 3549; x_wconf 87' lang='lat' dir='ltr'>Kilwardeby</span> <span class='ocrx_word' id='word_1_271' title='bbox 756 3467 1023 3551; x_wconf 88' lang='lat' dir='ltr'>archiepiscopus</span> <span class='ocrx_word' id='word_1_272' title='bbox 1045 3467 1261 3532; x_wconf 88' lang='lat' dir='ltr'>Cantuarien·</span> <span class='ocrx_word' id='word_1_273' title='bbox 1275 3448 1426 3551; x_wconf 54' lang='grc' dir='ltr'>ξῖζξίῗῖἷξῃ.</span> 
     </span>
    </p>
   </div>
   <div class='ocr_carea' id='block_1_15' title="bbox 152 3549 1382 4170">
    <p class='ocr_par' dir='ltr' id='par_1_16' title="bbox 152 3549 1382 4170">
     <span class='ocr_line' id='line_1_32' title="bbox 152 3549 1382 3654; baseline 0 -20"><span class='ocrx_word' id='word_1_274' title='bbox 152 3571 197 3634; x_wconf 88' lang='lat' dir='ltr'>sis</span> <span class='ocrx_word' id='word_1_275' title='bbox 219 3571 262 3634; x_wconf 88' lang='lat' dir='ltr'>de</span> <span class='ocrx_word' id='word_1_276' title='bbox 284 3571 400 3635; x_wconf 89' lang='lat' dir='ltr'>ordine</span> <span class='ocrx_word' id='word_1_277' title='bbox 423 3570 670 3654; x_wconf 87' lang='lat' dir='ltr'>predicatorum</span> <span class='ocrx_word' id='word_1_278' title='bbox 695 3571 846 3634; x_wconf 88' lang='lat' dir='ltr'>uisitauit</span> <span class='ocrx_word' id='word_1_279' title='bbox 867 3569 1039 3654; x_wconf 91' lang='lat' dir='ltr'>dyocesim</span> <span class='ocrx_word' id='word_1_280' title='bbox 1071 3549 1382 3652; x_wconf 60' lang='lat' dir='ltr'>Elyensem.¹,¹1¹,¹,¹¹¹²‘&#39;</span> 
     </span>
     <span class='ocr_line' id='line_1_33' title="bbox 153 3651 1361 3757; baseline -0.001 -19"><span class='ocrx_word' id='word_1_281' title='bbox 153 3674 248 3738; x_wconf 85' lang='lat' dir='ltr'>Tunc</span> <span class='ocrx_word' id='word_1_282' title='bbox 272 3675 360 3739; x_wconf 91' lang='lat' dir='ltr'>idem</span> <span class='ocrx_word' id='word_1_283' title='bbox 386 3675 495 3739; x_wconf 87' lang='lat' dir='ltr'>Lucas</span> <span class='ocrx_word' id='word_1_284' title='bbox 518 3695 629 3739; x_wconf 91' lang='lat' dir='ltr'>coram</span> <span class='ocrx_word' id='word_1_285' title='bbox 653 3673 772 3740; x_wconf 87' lang='lat' dir='ltr'>eodem</span> <span class='ocrx_word' id='word_1_286' title='bbox 796 3673 1045 3757; x_wconf 89' lang='lat' dir='ltr'>archiepiscopo</span> <span class='ocrx_word' id='word_1_287' title='bbox 1072 3673 1155 3738; x_wconf 85' lang='lat' dir='ltr'>salso</span> <span class='ocrx_word' id='word_1_288' title='bbox 1185 3695 1261 3757; x_wconf 86' lang='lat' dir='ltr'>sug·</span> <span class='ocrx_word' id='word_1_289' title='bbox 1275 3651 1361 3714; x_wconf 63' lang='lat'>‘⁹⁶⁴¹‘</span> 
     </span>
     <span class='ocr_line' id='line_1_34' title="bbox 153 3776 1263 3860; baseline 0.001 -20"><span class='ocrx_word' id='word_1_290' title='bbox 153 3797 271 3859; x_wconf 82' lang='lat' dir='ltr'>gerens</span> <span class='ocrx_word' id='word_1_291' title='bbox 291 3777 382 3860; x_wconf 92' lang='lat' dir='ltr'>quod</span> <span class='ocrx_word' id='word_1_292' title='bbox 403 3777 526 3841; x_wconf 87' lang='lat' dir='ltr'>vicaria</span> <span class='ocrx_word' id='word_1_293' title='bbox 545 3798 606 3841; x_wconf 90' lang='lat' dir='ltr'>sua</span> <span class='ocrx_word' id='word_1_294' title='bbox 627 3777 673 3841; x_wconf 89' lang='lat' dir='ltr'>ita</span> <span class='ocrx_word' id='word_1_295' title='bbox 693 3787 765 3842; x_wconf 89' lang='lat' dir='ltr'>erat</span> <span class='ocrx_word' id='word_1_296' title='bbox 781 3778 889 3841; x_wconf 89' lang='lat' dir='ltr'>tenuis</span> <span class='ocrx_word' id='word_1_297' title='bbox 903 3786 939 3840; x_wconf 90' lang='lat' dir='ltr'>et</span> <span class='ocrx_word' id='word_1_298' title='bbox 953 3776 1062 3853; x_wconf 88' lang='lat' dir='ltr'>exilis,</span> <span class='ocrx_word' id='word_1_299' title='bbox 1077 3777 1168 3860; x_wconf 91' lang='lat' dir='ltr'>quod</span> <span class='ocrx_word' id='word_1_300' title='bbox 1185 3777 1263 3841; x_wconf 91' lang='lat' dir='ltr'>inde</span> 
     </span>
     <span class='ocr_line' id='line_1_35' title="bbox 153 3880 1261 3964; baseline 0 -20"><span class='ocrx_word' id='word_1_301' title='bbox 153 3882 331 3946; x_wconf 88' lang='lat' dir='ltr'>sustentari</span> <span class='ocrx_word' id='word_1_302' title='bbox 350 3901 417 3945; x_wconf 91' lang='lat' dir='ltr'>non</span> <span class='ocrx_word' id='word_1_303' title='bbox 433 3880 552 3964; x_wconf 91' lang='lat' dir='ltr'>potuit,</span> <span class='ocrx_word' id='word_1_304' title='bbox 568 3881 669 3964; x_wconf 88' lang='lat' dir='ltr'>pecijt</span> <span class='ocrx_word' id='word_1_305' title='bbox 685 3881 876 3964; x_wconf 87' lang='lat' dir='ltr'>porcionem</span> <span class='ocrx_word' id='word_1_306' title='bbox 894 3880 1014 3945; x_wconf 90' lang='lat' dir='ltr'>vicarie</span> <span class='ocrx_word' id='word_1_307' title='bbox 1029 3901 1088 3945; x_wconf 91' lang='lat' dir='ltr'>sue</span> <span class='ocrx_word' id='word_1_308' title='bbox 1103 3901 1261 3964; x_wconf 80' lang='lat' dir='ltr'>augmen-</span> 
     </span>
     <span class='ocr_line' id='line_1_36' title="bbox 153 3982 1263 4066; baseline 0 -20"><span class='ocrx_word' id='word_1_309' title='bbox 153 3983 223 4046; x_wconf 89' lang='lat' dir='ltr'>tari.</span> <span class='ocrx_word' id='word_1_310' title='bbox 271 3982 441 4047; x_wconf 90' lang='lat' dir='ltr'>Predictus</span> <span class='ocrx_word' id='word_1_311' title='bbox 462 4004 542 4047; x_wconf 89' lang='lat' dir='ltr'>uero</span> <span class='ocrx_word' id='word_1_312' title='bbox 562 3983 829 4066; x_wconf 88' lang='lat' dir='ltr'>archiepiscopus</span> <span class='ocrx_word' id='word_1_313' title='bbox 845 4003 904 4066; x_wconf 88' lang='lat' dir='ltr'>per</span> <span class='ocrx_word' id='word_1_314' title='bbox 924 3983 1051 4048; x_wconf 88' lang='lat' dir='ltr'>litteras</span> <span class='ocrx_word' id='word_1_315' title='bbox 1071 4005 1148 4048; x_wconf 87' lang='lat' dir='ltr'>suas</span> <span class='ocrx_word' id='word_1_316' title='bbox 1169 3983 1263 4048; x_wconf 90' lang='lat' dir='ltr'>dedit</span> 
     </span>
     <span class='ocr_line' id='line_1_37' title="bbox 153 4087 1262 4170; baseline 0.001 -21"><span class='ocrx_word' id='word_1_317' title='bbox 153 4087 186 4150; x_wconf 93' lang='lat' dir='ltr'>in</span> <span class='ocrx_word' id='word_1_318' title='bbox 203 4087 399 4152; x_wconf 91' lang='lat' dir='ltr'>mandatum</span> <span class='ocrx_word' id='word_1_319' title='bbox 416 4087 578 4170; x_wconf 86' lang='lat' dir='ltr'>magistro</span> <span class='ocrx_word' id='word_1_320' title='bbox 590 4087 731 4170; x_wconf 89' lang='lat' dir='ltr'>Symoni</span> <span class='ocrx_word' id='word_1_321' title='bbox 747 4088 790 4151; x_wconf 91' lang='lat' dir='ltr'>de</span> <span class='ocrx_word' id='word_1_322' title='bbox 808 4087 1038 4152; x_wconf 86' lang='lat' dir='ltr'>Huntendone</span> <span class='ocrx_word' id='word_1_323' title='bbox 1052 4097 1087 4152; x_wconf 91' lang='lat' dir='ltr'>et</span> <span class='ocrx_word' id='word_1_324' title='bbox 1101 4089 1262 4170; x_wconf 84' lang='lat' dir='ltr'>magistro</span> 
     </span>
    </p>
   </div>
   <div class='ocr_carea' id='block_1_16' title="bbox 155 4190 1261 4275">
    <p class='ocr_par' dir='ltr' id='par_1_17' title="bbox 155 4190 1261 4275">
     <span class='ocr_line' id='line_1_38' title="bbox 155 4190 1261 4275; baseline -0.002 -18"><span class='ocrx_word' id='word_1_325' title='bbox 155 4191 345 4275; x_wconf 82' lang='lat' dir='ltr'>Reginaldo</span> <span class='ocrx_word' id='word_1_326' title='bbox 353 4191 397 4256; x_wconf 88' lang='lat' dir='ltr'>de</span> <span class='ocrx_word' id='word_1_327' title='bbox 407 4191 578 4258; x_wconf 83' lang='lat' dir='ltr'>Stamford</span> <span class='ocrx_word' id='word_1_328' title='bbox 589 4190 686 4256; x_wconf 89' lang='lat' dir='ltr'>huius</span> <span class='ocrx_word' id='word_1_329' title='bbox 698 4192 985 4275; x_wconf 83' lang='lat' dir='ltr'>augmentacionis</span> <span class='ocrx_word' id='word_1_330' title='bbox 997 4193 1261 4267; x_wconf 77' lang='lat' dir='ltr'>exsecutionem,</span> 
     </span>
    </p>
   </div>
   <div class='ocr_carea' id='block_1_17' title="bbox 300 4318 1172 4469">
    <p class='ocr_par' dir='ltr' id='par_1_18' title="bbox 300 4318 1172 4469">
     <span class='ocr_line' id='line_1_39' title="bbox 300 4318 556 4385; baseline 0 -15"><span class='ocrx_word' id='word_1_331' title='bbox 300 4318 309 4350; x_wconf 88' lang='lat'><strong>¹</strong></span> <span class='ocrx_word' id='word_1_332' title='bbox 327 4329 477 4385; x_wconf 86' lang='lat' dir='ltr'>presentum,</span> <span class='ocrx_word' id='word_1_333' title='bbox 499 4321 556 4370; x_wconf 89' lang='lat' dir='ltr'>MS.</span> 
     </span>
     <span class='ocr_line' id='line_1_40' title="bbox 300 4399 1172 4469; baseline -0.001 -17"><span class='ocrx_word' id='word_1_334' title='bbox 300 4399 311 4433; x_wconf 81' lang='lat'>²</span> <span class='ocrx_word' id='word_1_335' title='bbox 326 4402 382 4453; x_wconf 89' lang='lat' dir='ltr'>The</span> <span class='ocrx_word' id='word_1_336' title='bbox 393 4403 563 4469; x_wconf 77' lang='lat' dir='ltr'>Augustiuian</span> <span class='ocrx_word' id='word_1_337' title='bbox 576 4402 664 4467; x_wconf 87' lang='lat' dir='ltr'>Priory</span> <span class='ocrx_word' id='word_1_338' title='bbox 674 4402 703 4454; x_wconf 83' lang='lat' dir='ltr'>ol</span> <span class='ocrx_word' id='word_1_339' title='bbox 712 4403 742 4454; x_wconf 91' lang='lat' dir='ltr'>St</span> <span class='ocrx_word' id='word_1_340' title='bbox 754 4404 827 4455; x_wconf 88' lang='lat' dir='ltr'>Peter</span> <span class='ocrx_word' id='word_1_341' title='bbox 838 4402 888 4453; x_wconf 83' lang='lat' dir='ltr'>and</span> <span class='ocrx_word' id='word_1_342' title='bbox 901 4403 930 4454; x_wconf 90' lang='lat' dir='ltr'>St</span> <span class='ocrx_word' id='word_1_343' title='bbox 942 4401 1004 4453; x_wconf 82' lang='lat' dir='ltr'>Paul</span> <span class='ocrx_word' id='word_1_344' title='bbox 1016 4410 1042 4452; x_wconf 84' lang='lat' dir='ltr'>et</span> <span class='ocrx_word' id='word_1_345' title='bbox 1054 4401 1172 4467; x_wconf 82' lang='lat' dir='ltr'>lpswicb.</span> 
     </span>
    </p>
   </div>
   <div class='ocr_carea' id='block_1_18' title="bbox 0 0 1624 5086">
    <p class='ocr_par' dir='ltr' id='par_1_19' title="bbox 0 0 1624 5086">
     <span class='ocr_line' id='line_1_41' title="bbox 0 0 1624 5086; baseline 0 0"><span class='ocrx_word' id='word_1_346' title='bbox 0 0 1624 5086; x_wconf 95' lang='lat' dir='ltr'> </span> 
     </span>
    </p>
   </div>
  </div>
 </body>
</html>
