3192 5102
327 390 399 442 220
449 365 552 440 Horu
577 365 637 438 the
663 373 772 438 lower
798 365 880 438 and
900 366 1008 463 quire
1034 391 1131 440 were
1157 367 1270 442 burnt
1309 366 1431 468 [soon

378 552 485 606 Datum
509 560 538 607 et
562 560 658 606 actum
683 551 866 621 Cantabrigie
890 552 919 606 in
946 553 1031 625 pleno
1054 553 1108 610 loci
1132 553 1256 625 capitulo
1280 555 1327 610 die
1350 553 1431 625 Jouis

323 638 450 710 proxima
475 649 538 711 post
557 639 661 694 festum
686 638 782 694 Sancti
805 639 944 709 Johannis
965 651 1032 697 ante
1056 650 1167 712 portam
1193 641 1331 710 Latinam,
1353 659 1430 700 anno

323 727 417 798 gracie
429 727 624 784 .m⁰.cc⁰.lxior⁰.
639 725 767 798 septimo.

503 1059 553 1122 26.
598 1057 651 1120 De
672 1057 814 1122 incendat
836 1055 976 1122 Ecclesia
995 1057 1034 1122 de
1055 1057 1253 1124 Bemweue.

132 1213 134 1216 ⁵
163 1224 281 1328 myth
390 1217 494 1282 Anno
523 1218 566 1283 ab
597 1216 828 1282 incarnacione
854 1216 983 1281 domini
1009 1231 1074 1282 .m⁰.
1099 1230 1157 1283 cc⁰.
1183 1216 1350 1300 lxxxvij⁰.,
1376 1217 1430 1281 die

162 1327 306 1420 &mm
326 1319 441 1386 Sancti
470 1320 571 1402 Blasij
596 1320 755 1405 episcopi,
778 1332 855 1404 post
877 1321 959 1384 solis
983 1343 1149 1398 occasum,
1175 1323 1255 1387 dum
1279 1321 1429 1388 canonici

162 1427 237 1530 {¹35}
248 1428 306 1470 Μ’·
324 1426 507 1491 cantabant
521 1425 786 1509 completorium,
802 1427 868 1489 iam
885 1435 958 1490 orta
973 1437 1174 1510 tempestate
1192 1426 1303 1491 valida
1323 1425 1430 1491 sactus

324 1540 375 1594 est
392 1530 548 1596 terribilis
564 1531 649 1596 ictus
661 1531 868 1596 descendens
884 1552 985 1614 super
999 1533 1228 1598 summitatem
1244 1533 1350 1598 crucis
1365 1553 1431 1615 que

324 1751 457 1805 tantum
480 1739 570 1823 quod
595 1739 688 1823 quasi
713 1761 814 1824 poma
837 1760 937 1805 aurea
959 1741 1208 1806 descendebant
1229 1741 1373 1806 scintille
1397 1743 1428 1804 in

326 1846 438 1910 medio
461 1845 561 1920 chori,
586 1847 674 1910 vnde
696 1846 846 1909 canonici
869 1856 964 1910 erant
987 1847 1202 1911 uehementer
1224 1847 1396 1931 perterriti.

393 1951 472 2015 Post
501 1950 756 2034 completorium
789 1972 866 2016 uero
896 1963 1060 2016 exeuntes
1089 1952 1239 2016 canonici
1276 1951 1430 2016 uiderunt

227 2069 243 2120 t
260 2069 315 2132 84b
326 2056 486 2121 scintillas
504 2057 656 2121 uolantes
672 2078 692 2120 a
708 2058 901 2121 summitate
916 2057 1030 2134 crucis
1048 2059 1134 2122 vnde
1149 2058 1260 2141 plures
1281 2055 1429 2121 canonici

326 2173 360 2227 et
370 2163 533 2227 seculares
542 2161 761 2227 ascendentes
771 2161 908 2227 interius
918 2183 1022 2244 usque
1032 2163 1075 2226 ad
1086 2163 1314 2227 summitatem
1324 2161 1431 2238 turris,

327 2266 427 2330 nichil
458 2265 581 2330 ibidem
614 2266 693 2330 mali
725 2267 932 2343 inuenerunt,
958 2267 1037 2348 quia
1068 2265 1223 2330 uidelicet
1248 2267 1334 2350 ignis
1361 2276 1430 2331 erat

327 2392 426 2456 supra
441 2392 572 2436 crucem
589 2372 746 2449 exterius,
761 2383 795 2436 et
811 2371 1051 2436 descendentes
1067 2371 1227 2436 dixerunt
1242 2373 1343 2437 nichil
1359 2393 1430 2436 esse

328 2476 522 2542 timendum.
590 2477 855 2560 Verumptamen
898 2477 984 2560 ignis
1025 2499 1157 2561 semper
1198 2478 1431 2556 descendebat,

327 2601 525 2646 consumens
548 2602 679 2646 crucem
703 2602 808 2665 usque
831 2580 873 2645 ad
897 2579 1034 2645 colluml
1057 2583 1091 2646 in
1114 2602 1182 2664 quo
1204 2581 1260 2647 diu
1284 2582 1431 2658 ardebat,

328 2708 388 2751 nec
404 2697 515 2750 tamen
533 2687 680 2751 exterius
697 2687 888 2769 apparebat
935 2686 1034 2750 Vnde
1050 2687 1166 2750 fratres
1187 2687 1430 2771 aliquantulum

326 2791 504 2856 confortati
516 2791 680 2872 putabant
693 2791 804 2873 ignem
818 2790 999 2854 euanuisse.
1040 2791 1106 2857 Sed
1120 2801 1320 2874 consumpto
1332 2791 1432 2854 collo²

327 2895 447 2961 cecidit
462 2895 583 2960 serrum
599 2895 690 2978 quod
707 2896 862 2978 portabat
884 2895 1103 2978 uentilogium
1120 2895 1217 2959 simul
1235 2917 1310 2959 curn
1326 2916 1432 2972 cruce,

327 3012 360 3066 et
376 3011 455 3066 tunc
476 2999 665 3065 terribiliter
686 2999 882 3064 uolauerunt
903 2998 1045 3064 scintille
1067 3001 1163 3082 ignee
1183 3000 1277 3084 quasi
1298 3001 1430 3084 sagitte,

326 3119 360 3172 et
381 3108 556 3190 plumbum
579 3106 762 3190 eliquatum
786 3107 881 3189 quasi
905 3105 984 3169 lolia
1007 3105 1102 3182 niuis,
1124 3115 1158 3169 et
1178 3106 1431 3170 combusserunt

327 3211 511 3275 uicinorum
527 3211 647 3274 domos
662 3211 771 3293 primo
787 3209 984 3274 remociores
1005 3219 1038 3273 et
1059 3211 1275 3292 postmodum
1297 3211 1431 3294 propin-

327 3315 467 3398 quiores.
512 3315 643 3378 Ventus
659 3314 785 3378 interea
800 3324 871 3378 erat
886 3315 933 3379 ita
948 3313 1129 3378 uehemens
1143 3324 1178 3378 et
1191 3313 1328 3397 frigidus
1340 3313 1430 3396 quod

328 3420 438 3484 nullus
454 3421 516 3483 sibi
533 3420 585 3483 uel
602 3419 676 3501 alijs
693 3419 802 3502 potuit
813 3417 998 3483 subuenire.
1046 3419 1137 3502 Ignis
1153 3439 1286 3504 quoque
1302 3419 1431 3483 furebat

326 3536 361 3590 et
376 3535 449 3590 tota
461 3535 559 3589 nocte
575 3523 632 3588 illa
647 3521 787 3588 ardebat
803 3533 837 3586 et
852 3522 906 3586 die
922 3534 1081 3606 sequente
1098 3543 1201 3606 usque
1217 3523 1259 3587 ad
1276 3543 1431 3588 occasum

328 3627 415 3693 solis.
461 3629 513 3692 De
538 3638 626 3692 turre
650 3647 729 3692 uero
751 3626 872 3691 cecidit
895 3625 981 3710 ignis
1002 3647 1101 3710 super
1123 3627 1271 3702 chorum,
1293 3637 1328 3692 et
1353 3649 1432 3694 con·

328 3733 478 3816 sumpsit.
525 3732 619 3815 Quot
634 3731 781 3814 dampna
798 3731 1109 3795 tuncsustinuimus
1121 3731 1163 3796 de
1176 3731 1299 3796 tabulis
1310 3731 1432 3809 fractis,

328 3839 371 3902 de
393 3837 553 3921 orologio,
574 3836 617 3900 de
640 3834 788 3918 plumb0,
808 3834 851 3898 de
873 3834 1033 3912 fenestris,
1054 3834 1097 3898 de
1117 3835 1290 3918 campanis
1312 3835 1432 3912 fractis,

328 3941 371 4007 de
382 3945 531 4026 dampno
544 3941 737 4018 uicinorum,
747 3941 790 4004 de
802 3941 960 4023 expensis
973 3939 1068 4005 lactis
1084 3942 1170 4004 circa
1186 3941 1432 4024 reparacionem

328 4049 488 4124 omnium,
504 4047 586 4110 deus
601 4045 815 4130 omnipotens
831 4045 933 4110 nouit.

540 4231 549 4264 ¹
566 4231 664 4294 tollum,
679 4233 736 4283 MS.
1028 4229 1039 4262 ²
1054 4230 1116 4292 tolo,
1130 4231 1188 4282 MS.
