3222 5086
316 349 383 421 154
426 327 503 400 The
520 326 721 426 choploz'n's
738 329 846 403 house
860 329 941 402 and
953 328 1048 402 land
1060 338 1100 401 at
1115 329 1263 403 Borion
1296 327 1416 426 [boort

383 595 433 662 75.
478 581 644 646 Placitum
667 582 706 645 de
726 581 876 647 Matilda
899 582 928 645 le
951 580 1083 648 Cartare
1096 592 1159 664 pro
1180 581 1343 664 mesuagio

418 693 450 748 et
468 685 572 766 crofta
593 685 753 767 capellani
764 684 914 769 perpetui
935 685 970 748 in
992 685 1128 749 Bertone
1150 683 1313 768 [Barton].

149 851 217 894 now
365 839 501 906 Matildis,
521 855 576 910 que
596 839 648 895 fuit
668 856 737 894 uxor
757 841 908 895 Eadwardi
927 840 954 894 le
976 842 1098 906 Cartere,
1117 856 1172 910 que
1191 839 1254 892 tulit
1275 838 1361 891 breue
1379 835 1416 890 de

148 901 267 995 {affl
310 921 438 994 ingressu
460 941 558 979 uersus
581 927 706 980 Priorem
731 927 768 980 de
794 926 963 981 Bernewelle
987 935 1015 981 et
1040 925 1200 995 Johannem
1222 923 1257 977 de
1279 923 1415 977 Grettone

147 1003 298 1094 ffiffihm
310 1011 487 1081 capellanum
506 1012 542 1066 de
560 1021 722 1067 tenemento
740 1012 768 1066 in
788 1015 918 1080 Bertone,
937 1029 995 1066 non
1013 1024 1056 1066 est
1074 1022 1230 1081 prosecuta
1269 1008 1338 1064 ideo
1353 1025 1416 1080 pre-

143 1102 298 1196 {egem}
310 1099 378 1154 dicti
404 1100 484 1155 Prior
503 1112 532 1155 et
553 1102 698 1171 Johannes
720 1101 786 1156 inde
808 1102 870 1155 sine
890 1099 945 1163 die,
967 1112 995 1154 et
1018 1099 1145 1154 Matildis
1164 1107 1192 1153 et
1212 1097 1296 1168 plegij
1315 1096 1358 1151 sui
1379 1098 1416 1151 de

147 1214 298 1295 amenuspp
310 1190 506 1260 prosequendo
519 1189 547 1244 in
561 1190 760 1254 misericordia,
773 1189 879 1245 scilicet
891 1190 1035 1260 Johannes
1045 1190 1071 1243 le
1082 1188 1198 1243 Orfeure
1207 1183 1255 1258 [de
1266 1182 1416 1256 Gransete]

147 1254 286 1346 ῗξῗςξᾷξῗ,
311 1287 339 1332 et
351 1279 481 1348 Angerus
494 1278 530 1333 de
542 1279 706 1346 Wytewelle
718 1277 789 1333 etc.l

379 1386 431 1449 lta
447 1387 664 1450 inrotulatum
680 1399 731 1452 est
748 1390 780 1451 in
797 1389 912 1453 rotulis
925 1389 1191 1471 justiciariorum.

376 1490 641 1573 Verumptamen
657 1513 759 1574 quare
776 1513 841 1556 non
858 1502 909 1556 est
924 1503 1100 1574 prosecuta
1121 1502 1156 1556 et
1175 1493 1217 1555 de
1238 1511 1305 1574 quo
1324 1500 1415 1553 tene-

311 1605 426 1658 mento
456 1595 661 1678 loquebatur,
692 1596 818 1659 bonum
851 1607 901 1660 est
939 1597 1069 1678 plenius
1107 1597 1244 1660 recitare
1281 1604 1417 1678 propter

311 1709 464 1782 tempora
490 1699 609 1764 sutura.
655 1701 835 1765 Sciendum
862 1712 914 1765 est
939 1702 1039 1783 igitur
1065 1701 1155 1783 quod
1186 1709 1415 1764 tenementum

311 1802 401 1886 quod
425 1806 497 1886 ipsa
519 1804 760 1888 calumpniauit
784 1819 833 1870 est
858 1807 1066 1888 mesuagium
1090 1816 1124 1869 et
1146 1804 1252 1870 crofta
1268 1803 1323 1867 vbi
1343 1824 1414 1886 pre-

151 1923 258 1967 steand
311 1909 419 1972 dictus
457 1909 627 1991 Johannes
664 1909 856 1993 capellanus
894 1909 1066 1973 inhabitat.
1136 1908 1237 1992 Quod
1279 1907 1414 1990 quidem

148 1975 262 2016 herhuu·

148 2023 275 2124 pgpgetyffi
312 2013 518 2094 mesuagium
530 2013 592 2076 fuit
604 2015 646 2077 de
655 2013 841 2078 hereditate
852 2015 954 2098 ipsius
966 2013 1125 2092 Matildis,
1137 2015 1196 2077 sed
1210 2012 1416 2076 Eadwardus

148 2118 359 2216 pupparum
388 2117 459 2179 eius
489 2126 522 2180 et
554 2117 625 2199 ipsa
655 2118 878 2182 uendiderunt
908 2117 988 2182 illud
1021 2116 1191 2181 Willelmo
1220 2119 1262 2181 de
1290 2117 1415 2179 Thane.

148 2224 298 2316 3¹33?
312 2219 389 2294 Sed,
405 2230 442 2283 ut
463 2220 518 2282 illa
537 2222 689 2284 vendicio
710 2221 838 2285 stabilis
860 2231 1045 2286 remaneret
1067 2223 1308 2305 inperpetuum,
1326 2222 1415 2284 idern

149 2325 247 2417 ⁹¹22ss
292 2322 499 2416 ⁸Willelmus
525 2325 603 2388 fecit
629 2335 663 2388 et
689 2327 794 2389 virum
823 2335 856 2389 et
880 2347 1020 2390 vxorern
1045 2329 1158 2391 uenire
1184 2348 1294 2391 coram
1320 2326 1416 2409 justi-

311 2427 421 2509 ciarijs
442 2427 673 2492 itinerantibus
694 2431 782 2511 apud
806 2429 1065 2513 Cantebrigiam‚
1083 2430 1236 2494 videlicet
1258 2431 1417 2511 magistro

314 2531 476 2616 R[ogero]
489 2532 531 2596 de
545 2532 693 2616 Seytone
705 2544 739 2597 et
751 2533 848 2615 socijs
861 2535 952 2611 suis²,
962 2533 1004 2597 ad
1016 2534 1203 2598 faciendum
1215 2535 1416 2616 recognicio·

314 2656 400 2712 nem,
415 2645 449 2699 et
464 2637 511 2698 sic
527 2636 744 2700 inrotulatum
761 2647 831 2700 erat
847 2646 881 2700 et
896 2639 1142 2722 cyrographum
1165 2637 1241 2701 inde
1261 2638 1417 2700 leuatum.

314 2739 415 2822 Quod
450 2739 695 2823 cyrographum
726 2751 803 2822 post
834 2752 975 2805 mortem
1007 2741 1197 2825 W[illelmi]
1226 2742 1269 2805 de
1299 2740 1418 2804 Thane

314 2845 472 2908 remansit
494 2865 596 2927 penes
611 2845 800 2925 Johannem
824 2847 867 2910 de
884 2848 1154 2930 Metheringham
1178 2857 1215 2910 ut
1237 2846 1417 2910 dicebatur.

313 2947 527 3032 Quapropter
548 2948 638 3012 idem
654 2947 833 3029 JohanneS,
854 2953 1064 3033 perpendens
1087 2951 1177 3034 quod
1203 2952 1294 3014 Prior
1318 2949 1418 3014 nichil

312 3054 428 3116 habuit
445 3073 547 3136 penes
562 3073 597 3116 se
614 3073 672 3136 per
687 3053 778 3135 quod
794 3073 830 3116 se
850 3054 1029 3118 defendere
1045 3057 1162 3138 potuit,
1177 3055 1271 3119 dedit
1287 3054 1417 3118 mulieri

313 3157 461 3240 predicte
483 3156 658 3221 consilium
681 3156 724 3221 ad
752 3158 1001 3241 impetrandum
1029 3181 1142 3224 uersus
1167 3160 1334 3237 Priorem;
1365 3159 1417 3222 vel

314 3262 429 3345 pocius
467 3263 546 3344 ipse,
580 3263 715 3326 nomine
753 3262 907 3339 mulieris
938 3264 1038 3327 breue
1077 3264 1179 3347 Regis
1217 3263 1417 3346 impetrauit.

152 3384 247 3426 aown
315 3366 410 3429 Tunc
437 3365 572 3447 quidem
600 3365 718 3428 uidens
743 3367 813 3448 ipse
839 3366 931 3431 Prior
957 3387 992 3431 se
1019 3388 1091 3432 esse
1115 3370 1148 3430 in
1173 3377 1246 3431 arto
1270 3367 1417 3450 positum

151 3439 274 3576 {Fudit
314 3471 441 3534 studuit
472 3480 569 3534 caute
598 3471 740 3552 qualiter
770 3483 884 3554 posset
913 3493 1027 3537 eorum
1060 3493 1178 3537 manus
1208 3471 1358 3548 euadere,
1384 3479 1419 3533 et

150 3546 291 3688 ξοῧῖξῗτῖᾱ·
314 3574 429 3638 habito
444 3583 589 3639 tractatu
605 3596 680 3638 curn
696 3579 955 3659 cyrographario
977 3579 1078 3660 Regis
1099 3580 1156 3661 qui
1177 3587 1248 3641 erat
1268 3587 1419 3658 tempore

162 3651 212 3701 '⁵⁷
315 3678 454 3742 itineris³
488 3681 638 3761 magistri
675 3679 799 3762 Rogeri
835 3682 878 3745 de
914 3681 1072 3765 Seytone,
1102 3683 1233 3764 rogauit
1268 3699 1345 3743 eum
1381 3687 1419 3741 ut

314 3791 466 3865 quereret
483 3781 607 3845 rotulos
623 3783 665 3846 de
677 3784 893 3867 cyrographis
906 3784 1024 3848 leuatis
1037 3785 1070 3848 in
1082 3783 1149 3848 alio
1161 3786 1284 3848 itinere.
1316 3781 1417 3866 Quod

314 3897 347 3950 et
364 3886 488 3950 sactum
505 3898 564 3951 est.
610 3888 655 3951 Et
676 3888 814 3952 inuento
834 3889 1044 3971 cyrographo
1064 3889 1230 3952 consuluit
1252 3887 1354 3951 Priori
1376 3907 1418 3949 ne

316 3992 437 4056 iaceret
458 4013 573 4075 pacem
596 4013 670 4056 curn
694 3994 766 4076 ipsa
787 3992 933 4068 muliere,
952 3995 1120 4076 quoniam,
1141 3993 1256 4076 inquit,
1277 3992 1418 4056 attincta

364 4140 476 4193 ¹Assize
496 4141 563 4204 Roll,
584 4143 635 4192 No.
654 4142 694 4200 86.
712 4143 818 4194 membr.
837 4157 860 4206 5.
893 4143 950 4192 The
966 4142 1049 4192 words
1065 4142 1179 4192 between
1199 4157 1288 4206 square
1305 4141 1421 4192 brackets

314 4223 379 4273 have
389 4224 453 4274 been
464 4223 547 4273 added
559 4223 622 4274 hom
633 4225 683 4274 this
696 4225 763 4274 Roll.

363 4306 374 4338 ²
391 4307 440 4358 See
450 4307 539 4368 above,
552 4306 625 4372 chop.
641 4323 680 4374 39,
694 4323 720 4373 p.
735 4323 788 4373 ¹²9·

363 4387 374 4420 ⁸
390 4390 486 4452 itinere,
501 4389 558 4440 MS.
