3188 5078
512 371 550 443 T
543 379 674 444 enants
700 369 742 442 in
767 367 915 442 Bartrm

490 769 542 818 20.
586 751 737 836 [Bertom
758 749 938 834 (Barton).]

225 905 283 970 Isti
322 916 399 970 sunt
437 906 539 971 libere
576 916 729 971 tenentes
768 904 888 968 Prioris
925 905 968 969 de
1001 903 1202 968 Bemewelie
1232 903 1265 965 in

158 1027 320 1091 Bertone:

222 1184 359 1268 Agneta
387 1183 419 1248 le
443 1185 571 1267 Taylur
600 1193 693 1249 tenet
719 1184 894 1249 dimidiam
924 1183 1089 1266 virgatam
1114 1191 1209 1258 terre,
1232 1191 1266 1246 et

157 1289 269 1353 reddit
285 1309 343 1373 per
364 1309 489 1354 anuum
511 1289 553 1352 ad
570 1289 716 1354 wardam
733 1289 776 1353 de
792 1287 1009 1371 Rokingham
1025 1287 1087 1370 .vij.
1104 1286 1266 1362 denarios,

156 1402 191 1458 et
229 1395 271 1458 ad
310 1393 473 1458 auxilium
507 1394 711 1457 vicecomitis
742 1393 775 1456 in
806 1392 892 1456 sesto
921 1391 1027 1456 sancti
1058 1391 1196 1455 Andree
1225 1391 1266 1473 ij.

156 1498 320 1574 denarios,
357 1507 391 1562 et
429 1498 463 1561 in
500 1497 586 1562 sesto
622 1497 729 1562 sancti
766 1496 930 1579 Johannis
962 1496 1002 1579 .ij.
1040 1495 1203 1572 denarios,
1233 1504 1267 1559 et

158 1603 346 1686 scutagium
369 1601 507 1685 quando
529 1609 645 1665 curret.

224 1706 412 1771 Willelmus
433 1706 653 1770 Thourubern
675 1705 718 1770 de
736 1703 969 1788 Haselingield
985 1713 1078 1770 tenet
1094 1704 1158 1787 iiij.
1174 1723 1268 1767 acras

159 1821 244 1875 terre
260 1830 319 1893 per
339 1819 465 1874 cartam
481 1817 515 1873 et
536 1808 646 1872 reddit
662 1807 739 1872 inde
755 1828 952 1892 perannum
969 1807 1011 1890 ij.
1027 1807 1160 1883 solidos,
1175 1815 1210 1870 et
1224 1807 1267 1870 ad

159 1915 306 1980 wardam
322 1915 366 1979 de
382 1913 600 1997 Rolringham
616 1914 658 1997 ij.
673 1913 836 1978 denarios.

227 2021 378 2102 Rogerus
395 2018 512 2084 Pemel
527 2019 571 2084 de
584 2018 791 2083 Euerisdone
802 2028 895 2084 tenet
910 2018 994 2083 duas
1009 2037 1103 2082 acras
1117 2026 1152 2081 et
1167 2036 1268 2081 vnam

160 2125 276 2189 rodam
299 2133 395 2200 terre,
412 2133 446 2187 et
469 2124 579 2189 reddit
602 2123 680 2188 inde
702 2143 760 2207 per
780 2142 905 2188 annum
922 2121 989 2205 aij.
1005 2121 1161 2186 denarios
1176 2131 1210 2187 et
1225 2121 1268 2186 ad

160 2227 306 2294 wardam
323 2227 352 2311 .j.
367 2229 551 2293 denarium.

225 2332 397 2415 Johannes
413 2330 579 2396 aurifaber
589 2341 682 2397 tenet
693 2352 794 2397 vnam
810 2352 922 2397 acram
939 2341 973 2396 et
981 2352 1082 2397 vnam
1094 2331 1269 2397 dimidiam

160 2438 276 2501 rodam
300 2446 394 2514 terre,
410 2445 444 2500 et
467 2436 576 2500 reddit
600 2435 678 2500 inde
700 2457 760 2521 per
782 2457 908 2501 annum
925 2436 975 2520 .vj.
992 2435 1154 2513 denarios,
1169 2445 1203 2502 et
1226 2436 1268 2501 ad

161 2544 309 2608 wardam
333 2541 478 2606 obolum.

227 2645 368 2710 Mabilia
388 2643 431 2708 de
450 2643 617 2728 Wynepol
639 2653 731 2708 tenet
750 2663 852 2708 vnam
873 2662 985 2708 acram
1006 2654 1040 2708 et
1056 2664 1157 2709 vnam
1174 2644 1270 2708 dimi-

160 2751 251 2815 diam
268 2750 384 2819 rodam
397 2759 491 2827 terre,
506 2759 540 2814 et
556 2748 667 2813 reddit
683 2749 760 2813 inde
776 2769 974 2834 perannum
990 2749 1041 2832 .vj.
1057 2750 1221 2827 denarios,
1236 2759 1270 2813 et

161 2857 204 2920 ad
221 2854 367 2919 wardam
382 2856 529 2920 obolum.

227 2958 379 3042 Rogerus
392 2959 435 3023 ad
449 2958 590 3025 Crucem
605 2967 700 3023 tenet
711 2968 778 3023 tres
795 2959 893 3023 rodas
909 2968 1003 3035 terre,
1018 2969 1053 3024 et
1068 2957 1177 3023 reddit
1193 2959 1271 3024 inde

161 3083 220 3146 per
242 3081 368 3126 annum
384 3060 413 3145 .j.
429 3063 604 3127 denarium
627 3061 669 3125 ad
695 3060 816 3126 festum
839 3062 946 3126 sancti
972 3061 1156 3138 Michaelis,
1169 3070 1204 3126 et
1226 3060 1270 3125 ad

162 3169 308 3232 wardam
332 3167 563 3251 quadrantem.

226 3273 398 3355 Johannes
427 3273 470 3337 de
494 3271 624 3336 Baldak
648 3280 741 3336 tenet
770 3270 945 3336 dimidiam
976 3292 1087 3337 acram
1116 3282 1210 3348 terre,
1236 3282 1271 3337 et

160 3376 271 3443 reddit
287 3378 364 3442 inde
379 3397 438 3460 per
452 3395 577 3441 annum
593 3376 622 3459 .j.
637 3377 811 3440 denarium
828 3376 871 3440 ad
889 3377 1024 3454 Pascha,
1039 3387 1074 3442 et
1088 3378 1131 3441 ad
1148 3377 1269 3443 festum

163 3480 279 3546 Sancti
297 3479 472 3544 Michaelis
487 3479 529 3543 ad
547 3479 693 3543 wardam
710 3480 941 3562 quadrantem.

226 3582 396 3667 Johannes
433 3583 572 3666 Juuenis
610 3581 653 3646 de
693 3583 928 3666 Haselingield
966 3593 1058 3649 tenet
1094 3585 1268 3651 dimidiam
1281 3599 1299 3651 s.
1316 3599 1384 3666 1691)

161 3687 325 3770 virgatam
341 3696 435 3764 terre,
452 3699 485 3752 et
498 3687 607 3753 reddit
619 3687 697 3753 inde
713 3708 913 3772 perannum
930 3688 970 3772 ij.
986 3689 1110 3754 solidos
1126 3689 1168 3754 ad
1184 3691 1270 3756 duos

160 3790 239 3856 anni
255 3792 424 3857 terminos.

227 3894 415 3960 Willelmus
440 3895 559 3962 Steme
581 3899 625 3962 de
647 3898 766 3962 eadem
789 3907 882 3962 tenet
905 3897 1078 3965 dimidiam
1105 3899 1269 3984 virgatam

161 4008 255 4076 terre,
279 4008 313 4063 et
337 3998 446 4064 reddit
469 4001 547 4064 inde
570 4022 776 4084 perannum
799 4001 841 4085 .ij.
868 4001 992 4067 solidos
1018 4003 1061 4068 ad
1084 4003 1170 4068 duos
1191 4007 1269 4069 armi

162 4103 331 4168 terminos.

227 4207 378 4272 Thomas
399 4206 560 4274 Coleman
582 4217 674 4274 tenet
694 4210 738 4274 de
758 4209 857 4275 feodo
880 4209 1038 4295 Hugonis
1061 4213 1222 4298 Fleming,
1236 4225 1272 4280 et

163 4311 274 4376 reddit
292 4310 370 4376 inde
385 4332 586 4396 perannum
601 4312 747 4377 obolum.

233 4413 397 4480 Henricus
418 4413 584 4479 aurifaber
606 4425 698 4480 tenet
713 4426 780 4481 tres
797 4437 890 4481 acras
906 4427 1002 4496 terre,
1019 4428 1053 4484 et
1068 4418 1179 4485 reddit
1195 4422 1274 4488 inde
