3212 5064
179 391 228 496 11]
624 395 838 470 Chesterton
1242 415 1286 489 77

177 582 303 654 prelatus
321 585 405 638 Pater
421 592 517 638 noster
536 583 595 636 Rex
611 581 757 654 Johannes
774 593 840 638 ante
860 580 1079 638 concessionem,
1092 590 1121 635 et
1141 579 1288 636 confirma-

176 671 290 726 cionem
314 687 395 726 suam
419 671 461 727 eis
486 670 590 726 iactam
615 671 651 726 de
672 670 799 740 predicto
821 671 948 726 manerio
969 669 1006 725 de
1028 670 1195 725 Cestertone
1217 667 1289 724 sicut

176 760 335 830 predictum
366 769 409 815 est
438 759 479 813 eis
508 768 687 814 concesserat
715 759 864 814 annuatim
895 759 931 814 de
960 757 1117 816 elemosina
1147 774 1199 811 sua
1228 774 1288 828 per-

176 847 324 918 cipiendis.

232 936 432 991 concessimus
447 937 537 991 eciam
556 953 606 1006 pro
623 935 707 991 nohis
720 946 748 990 et
761 937 912 992 heredibus
926 935 1030 991 nostris
1043 935 1118 1007 quod
1131 934 1289 990 manerium

177 1026 336 1096 predictum
348 1025 384 1079 de
395 1027 560 1080 Cestertone
572 1025 768 1096 inperpetuum
782 1025 817 1081 sit
830 1026 957 1095 quietum
970 1026 1006 1080 de
1016 1025 1077 1080 visu
1091 1023 1181 1078 lranlri
1195 1023 1288 1095 plegij.

179 1116 275 1184 Quare
291 1115 421 1168 volumus
435 1123 462 1168 et
478 1114 594 1168 firmiter
610 1112 780 1184 precipimus
797 1113 874 1183 quod
891 1113 1009 1184 predicti
1027 1113 1107 1167 Prior
1119 1121 1146 1166 et
1158 1111 1288 1166 canonici

176 1204 348 1258 habeantet
367 1211 482 1257 teneant
501 1201 655 1272 predictam
669 1203 765 1257 villam
785 1203 821 1257 de
841 1204 1007 1258 Cestertone
1025 1203 1097 1257 bene
1116 1202 1191 1256 etin
1210 1216 1288 1271 pace,

176 1293 265 1347 libere
277 1301 305 1346 et
317 1291 419 1361 quiete,
430 1291 538 1360 integre
550 1289 676 1361 plenarie
686 1302 714 1346 et
723 1290 887 1359 honorifice,
897 1309 962 1346 cum
972 1290 1103 1346 omnibus
1113 1287 1289 1345 libertatibus
1303 1291 1320 1341 i.
1333 1303 1363 1354 ²7

177 1389 206 1434 et
224 1379 320 1435 liberis
339 1377 591 1434 consuetudinibus
609 1377 667 1432 suis
686 1379 811 1449 quietam
830 1377 859 1432 in
878 1387 1044 1450 perpetuum
1063 1378 1099 1432 de
1116 1377 1177 1431 visu
1197 1373 1288 1430 lranki

176 1467 262 1539 plegii
282 1467 354 1522 sicut
372 1467 530 1537 predictum
549 1477 599 1520 est.

234 1555 299 1611 Hiis
328 1555 448 1610 testibus
479 1565 531 1609 etc.
564 1557 672 1610 Datum
700 1573 750 1626 per
781 1572 896 1610 manum
927 1555 1096 1611 venerabilis
1130 1551 1219 1625 patris
1254 1553 1287 1606 R.

178 1645 363 1702 Cicestrensis
388 1643 539 1716 Episcopi¹
564 1655 591 1700 et
614 1645 782 1701 Cancellarii
807 1645 896 1699 nostri
920 1642 1120 1699 terciodecimo
1145 1642 1191 1697 die
1215 1641 1286 1710 Maii

177 1752 255 1790 anno
271 1735 350 1804 regni
370 1733 458 1788 nostri
476 1733 683 1790 terciodecimo.

234 1824 295 1878 Nos
326 1833 421 1878 autern
455 1823 669 1878 concessionem
700 1833 728 1878 et
758 1823 1005 1878 confirmacionem
1039 1821 1181 1894 predictas
1213 1829 1289 1875 ratas

177 1913 317 1967 habentes
333 1922 361 1967 et
377 1921 472 1980 gratas
488 1929 538 1967 eas
555 1930 606 1984 pro
624 1913 705 1967 nobis
723 1923 750 1968 et
767 1913 919 1968 heredibus
936 1912 1039 1968 nostris
1052 1911 1185 1984 predictis
1200 1911 1287 1965 Priori

177 2011 207 2054 et
224 2000 368 2056 canonicis
384 2011 413 2055 et
429 2001 639 2057 successoribus
660 2001 718 2055 suis
739 2001 922 2056 concedimus
940 2011 969 2056 et
987 2001 1196 2068 confirmamus,
1215 1999 1288 2055 sicut

177 2098 258 2143 carta
274 2089 401 2159 predicta
419 2088 626 2144 racionabiliter
645 2099 769 2144 testatur.
809 2088 874 2158 Hijs
891 2089 1011 2144 testibus
1028 2098 1079 2143 etc.
1119 2090 1225 2142 Datum
1238 2105 1289 2158 per

176 2193 294 2231 manum
316 2185 442 2231 nostram
464 2177 540 2247 apud
558 2178 844 2232 westmonasterium
862 2176 1032 2232 duodecimo
1050 2177 1097 2231 die
1117 2176 1193 2247 Junij
1211 2190 1287 2230 anno

179 2265 271 2334 Regni
290 2265 378 2319 nostri
396 2265 602 2321 terciodecimo.

266 2463 295 2526 6.
341 2461 537 2526 Inrotulacio
558 2463 606 2526 ad
625 2462 833 2527 scaccarium
855 2463 894 2526 de
915 2464 1056 2546 quinque
1077 2466 1197 2530 marcis

372 2567 489 2632 solutis
502 2579 567 2652 pro
587 2569 830 2654 confirmacione
851 2569 890 2632 de
914 2569 1097 2634 Cestertone.

246 2740 285 2803 In
318 2759 442 2823 magno
470 2739 596 2804 Rotulo
620 2760 709 2804 anno
735 2742 972 2806 terciodecimo
997 2743 1100 2826 Regis
1129 2743 1286 2809 Edwardi
1301 2737 1384 2830 3233
1395 2737 1443 2830 21?ss

176 2845 367 2908 continetur
390 2845 481 2928 quod
508 2845 599 2908 Prior
624 2847 667 2908 de
693 2845 894 2909 Bernewelle
920 2846 1066 2912 reddidit
1092 2858 1287 2933 compotum
1300 2838 1453 2941 &effi

175 2951 222 3014 de
245 2949 392 3032 quinque
419 2949 538 3013 marcis
559 2971 642 3033 quas
665 2950 749 3033 Regi
771 2950 888 3015 debuit
908 2952 951 3016 de
972 2951 1037 3014 line
1059 2973 1120 3035 pro
1139 2952 1286 3035 quadam
1301 2938 1435 3030 ξξξὸζζῗξ

177 3051 436 3118 confirmacione
462 3053 626 3118 habenda.
674 3055 712 3118 ln
740 3054 899 3120 thesauro
926 3055 1078 3121 liberauit
1100 3066 1134 3121 et
1154 3059 1287 3140 quietus
1301 3039 1416 3140 iffi*

176 3167 239 3224 est.
1303 3140 1449 3232 {ze-sember,

233 3333 407 3388 Eadwardus
431 3331 477 3388 dei
505 3332 601 3402 gracia
624 3343 677 3388 etc.
715 3331 881 3388 Vicecomiti
907 3333 1135 3403 cantabrigiensi
1160 3334 1288 3392 salutern.

178 3421 260 3478 Scias
273 3421 349 3493 quod
368 3421 447 3476 Prior
458 3422 494 3476 de
509 3421 679 3478 Bernewelle
690 3421 802 3493 quietus
815 3431 858 3477 est
871 3421 909 3476 ad
921 3421 1095 3477 scaccarium
1112 3433 1240 3479 nostrum
1253 3424 1290 3479 de

176 3511 303 3584 quinque
320 3510 422 3565 marcis
439 3527 510 3581 quas
527 3511 609 3565 nobis
626 3510 724 3567 debuit
736 3510 773 3566 de
791 3509 847 3565 fine
860 3527 911 3582 pro
928 3511 1053 3582 quadam
1071 3511 1289 3567 continuacione

175 3600 318 3656 habenda
363 3601 402 3655 Et
431 3598 494 3654 ideo
522 3600 574 3654 tibi
604 3599 774 3669 precipimus
798 3599 875 3670 quod
902 3599 939 3655 de
962 3597 1123 3656 demanda²
1146 3617 1234 3670 quam
1262 3601 1288 3656 ei

175 3690 250 3746 facis
265 3689 303 3745 de
318 3689 451 3759 predictis
468 3687 592 3744 denariis
608 3687 635 3744 ei
652 3705 752 3760 pacem
769 3689 874 3744 habere
886 3689 1040 3760 permittas.
1079 3690 1118 3744 Et
1130 3691 1226 3744 aueria
1237 3706 1289 3744 sua

175 3777 202 3833 si
219 3795 276 3850 qua
292 3777 401 3849 ceperis
417 3777 567 3833 occasione
583 3777 710 3849 predicta
727 3777 752 3833 ei
770 3776 915 3833 deliberes.
953 3779 1039 3834 Teste
1051 3779 1076 3848 J.
1089 3777 1126 3832 de
1142 3777 1288 3834 Cobeham

175 3866 256 3937 apud
264 3865 549 3921 westmonasterium
559 3904 565 3919 .
576 3873 642 3934 111⁰.
653 3865 700 3922 die
714 3865 882 3922 Decembris
892 3881 967 3920 anno
980 3866 1059 3935 regni
1070 3867 1143 3935 regis
1155 3866 1287 3921 Edwardi

173 3961 256 4010 .xv⁰.

400 4100 409 4133 ¹
428 4099 512 4166 Ralph
524 4099 633 4160 Neville,
646 4100 686 4165 Bp
697 4100 727 4149 ol
735 4099 883 4152 chichester
897 4113 1066 4163 ¹²²4·¹²45·

397 4182 509 4233 ’marrd'
526 4184 582 4235 MS.
