3222 5086
351 403 419 472 166
446 398 555 474 Lake
569 399 816 476 leMarshall
829 401 911 475 and
923 401 1060 502 Symon
1077 402 1122 476 de
1138 401 1302 476 Mordere
1327 399 1448 501 [noox

341 592 429 648 tone
475 583 577 668 Quod
601 594 638 648 ut
660 584 791 649 audiuit
814 585 924 650 dictus
946 587 1104 651 dominus
1126 585 1283 652 Warinus
1306 585 1448 650 multum

341 687 463 766 timuit,
475 699 510 753 et
526 689 559 752 in
576 691 722 754 crastino
737 689 836 755 ualde
853 712 953 756 mane
968 692 1062 756 uenit
1072 691 1116 757 ad
1127 691 1253 756 curiam
1265 701 1448 774 expectans

342 793 526 857 aduentum
554 794 684 858 Prioris.
729 792 808 877 Quo
835 797 992 860 ueniente
1018 797 1158 861 accessit
1183 795 1227 860 ad
1250 816 1327 860 eum
1351 793 1448 859 ualde

342 897 512 962 humiliter
531 899 641 964 dictus
661 899 819 963 dominus
834 899 1001 978 Warinus,
1015 909 1051 965 et
1071 899 1195 984 optulit
1208 901 1239 964 ei
1254 899 1447 982 homagium

342 1021 448 1067 suum.
506 1003 551 1068 Et
585 1002 674 1067 idem
707 1003 799 1068 Prior
829 1004 960 1088 Symon
991 1005 1116 1089 recepit
1145 1005 1339 1088 homagium
1369 1003 1449 1078 eius,

342 1106 497 1172 videlicet
513 1109 546 1171 in
562 1118 672 1173 castro
687 1108 756 1173 fere
770 1110 834 1173 sub
848 1111 1008 1192 gradibus
1023 1110 1107 1187 aule,
1120 1109 1329 1193 presentibus
1343 1108 1448 1172 tribus

342 1214 519 1290 canonicis,
535 1213 690 1279 videlicet
710 1214 763 1297 .J.
785 1215 828 1278 de
850 1213 977 1279 Sancto
999 1214 1213 1290 Eadmundo‚
1235 1213 1383 1277 Roberto
1404 1211 1447 1276 de

343 1315 526 1396 Swasham,
545 1327 581 1382 et
604 1318 754 1382 Roberto
777 1320 820 1382 de
846 1319 1028 1394 Hokitone,
1048 1319 1129 1382 item
1152 1317 1290 1382 domino
1313 1316 1448 1400 Rogero

342 1421 385 1486 de
407 1421 611 1500 Walesham‚
634 1423 788 1505 Johanne
815 1423 882 1488 But
907 1434 988 1488 tunc
1016 1421 1145 1487 Maiore
1173 1421 1449 1504 cantabrigiensi,

341 1525 495 1610 Johanne
520 1526 564 1592 de
590 1525 780 1604 Caldecote,
807 1528 962 1610 Johanne
988 1527 1031 1592 de
1054 1527 1205 1603 Camera,
1230 1525 1379 1590 Roberto
1403 1524 1447 1588 de

246 1637 253 1654 ‘
343 1629 517 1708 Saustone,
539 1640 574 1696 et
594 1630 708 1696 multis
728 1629 811 1712 alijs.
858 1631 953 1695 Fecit
972 1631 1078 1695 eciam
1100 1649 1218 1714 pacem
1238 1649 1315 1694 cum
1336 1628 1448 1692 Priore

341 1732 385 1798 de
422 1734 598 1817 arreragiis
632 1755 694 1818 pro
732 1733 956 1819 quadraginta
998 1733 1113 1799 solidis
1154 1753 1238 1817 quos
1279 1733 1447 1817 predictus

341 1838 511 1921 Johannes
535 1839 601 1903 But
625 1841 825 1923 manucepit

485 2029 536 2093 93.
581 2011 634 2076 De
654 2013 764 2096 quieta
784 2013 979 2076 clamucium
999 2011 1085 2075 Luce
1107 2009 1306 2075 Marescalli.

177 2165 288 2210 orum
406 2139 552 2223 Quidam
569 2141 671 2206 homo
686 2143 729 2207 de
741 2143 947 2226 Amigtone¹
962 2141 1071 2205 dictus
1085 2140 1195 2204 Lucas
1211 2139 1242 2204 le
1259 2139 1447 2204 Mareschal

175 2216 308 2358 hinnu,
341 2245 488 2328 portauit
518 2244 619 2309 breue
650 2245 754 2328 Regis
783 2265 884 2328 super
911 2245 1057 2308 Priorem
1085 2242 1128 2308 de
1153 2253 1227 2308 toto
1254 2253 1447 2308 tenemento

176 2365 251 2410 earm
226 2380 316 2412 mm
340 2347 432 2430 quod
454 2346 515 2412 fuit
536 2346 670 2412 Radulfi
692 2351 735 2413 de
749 2348 884 2432 Verly
875 2367 908 2411 tn
931 2347 1074 2411 Brunne.
1120 2347 1166 2410 Et
1188 2347 1281 2410 Prior
1300 2346 1393 2410 dedit
1416 2345 1447 2408 ei

175 2478 275 2520 :aym
276 2476 320 2513 ent
340 2453 426 2515 duos
451 2450 577 2516 solidos
602 2462 636 2517 et
663 2455 789 2537 recepit
814 2453 858 2518 ab
884 2455 1004 2518 eodem
1031 2453 1180 2536 quietam
1206 2451 1446 2515 clamacionem

175 2567 300 2622 thssssns·
340 2574 401 2637 pro
423 2575 459 2619 se
481 2564 516 2619 et
537 2555 715 2621 heredibus
738 2557 807 2621 suis
830 2557 1073 2640 inperpetuum.

439 2741 490 2808 94
535 2725 587 2792 De
608 2726 700 2793 .xvi.
722 2727 869 2810 dertarijs
891 2725 1039 2792 redditus
1059 2747 1139 2810 quos
1161 2723 1285 2808 Symon
1307 2724 1347 2788 de

619 2832 781 2896 Mordone
803 2831 973 2917 [Mordere]
997 2830 1185 2915 recognouit.

174 2973 318 3070 2²¹3?ssss
406 2969 521 3034 Homo
541 2969 679 3053 quidam
700 2969 743 3035 de
767 2971 902 3036 Brunne
918 2979 1057 3034 uocatus
1074 2967 1204 3051 Symon
1221 2966 1264 3031 de
1281 2965 1446 3031 Mordone

172 3076 300 3170 &dm
235 3075 275 3120 ¹¹¹·
338 3072 485 3137 debebat
501 3073 603 3138 Priori
619 3075 704 3157 ‚xvj
720 3075 875 3140 denarios
890 3094 993 3138 annul
985 3071 1159 3137 redditus
1175 3092 1237 3156 pro
1250 3080 1446 3136 tenemento
1466 3109 1470 3114 -

172 3175 303 3221 ἨΜ-
337 3178 428 3260 quod
443 3180 487 3242 de
507 3199 548 3242 eo
562 3181 671 3244 tenuit
686 3181 719 3243 in
737 3179 880 3256 Brunne,
896 3179 1051 3244 videlicet
1066 3196 1134 3242 vno
1156 3177 1327 3259 mesuagio
1341 3185 1376 3239 et
1391 3197 1445 3240 .x.

337 3280 421 3343 acris
447 3289 541 3346 terra
586 3281 690 3346 Terra
717 3301 797 3346 uero
823 3282 880 3346 iila
907 3282 940 3345 in
967 3290 1100 3345 tantum
1125 3289 1197 3344 erat
1219 3300 1279 3363 per
1299 3278 1444 3343 eundem

337 3382 523 3466 Symonem
544 3393 578 3448 et
599 3396 728 3469 patrem
750 3387 822 3450 eius
844 3386 971 3450 Lucam
987 3385 1136 3449 alienata
1150 3394 1185 3448 et
1200 3383 1337 3448 uendita
1352 3381 1444 3465 quod

334 3488 449 3553 balliui
478 3489 598 3552 Prioris
625 3471 819 3554 nesciebant
846 3490 902 3554 ubi
930 3490 1038 3574 ipsum
1066 3489 1267 3571 distringere
1296 3497 1444 3572 possent.

337 3591 488 3675 Rogatus
510 3612 589 3656 uero
609 3593 699 3657 idem
721 3593 851 3676 Symon
873 3592 1063 3677 frequenter
1083 3594 1174 3676 quod
1189 3593 1317 3656 dietum
1334 3589 1443 3656 reddi·

334 3706 407 3760 tum
430 3696 574 3760 solueret
594 3697 767 3782 respondit
787 3719 823 3762 se
844 3697 973 3763 nullum
994 3706 1226 3762 tenementum
1247 3707 1361 3761 tenere
1382 3714 1444 3777 pro

334 3820 401 3883 quo
427 3808 488 3865 etc.
534 3801 574 3865 In
602 3800 720 3866 itinere
742 3821 823 3866 uero
845 3801 1105 3885 justiciariorum
1132 3801 1255 3865 timens
1282 3798 1361 3884 pelli
1383 3818 1443 3863 sue

333 3913 453 3987 sponte
473 3905 567 3969 uenit
586 3906 629 3969 ad
652 3905 809 3984 Priorem,
824 3927 891 3970 non
912 3907 1137 3970 summonitus
1153 3926 1214 3970 nec
1230 3903 1442 3982 attachiatus,

169 4007 321 4104 ffbhssiiss'
333 4018 367 4072 et
387 4008 581 4091 recognouit
602 4011 780 4084 redditum,
794 4021 829 4075 et
849 4011 963 4094 posuit
984 4009 1131 4073 Priorem
1148 4009 1181 4073 in
1197 4009 1331 4091 seysina
1346 4006 1441 4089 .xvj.

168 4109 211 4152 '¹¹‘
221 4110 297 4155 Μ’·
332 4113 553 4189 denariorum,
568 4121 603 4176 et
618 4113 696 4177 iecit
711 4115 741 4178 ei
758 4113 964 4180 fidelitatem.
1002 4114 1048 4179 Et
1062 4113 1107 4178 de
1122 4133 1212 4178 nouo
1227 4131 1263 4176 se
1278 4111 1443 4193 obligauit

331 4238 391 4301 per
410 4229 537 4283 cartam
558 4238 654 4282 suam
675 4228 709 4283 et
724 4219 864 4284 heredes
880 4239 959 4284 suos
974 4221 1007 4283 in
1023 4228 1223 4302 perpetuum
1239 4216 1282 4282 ad
1299 4215 1441 4280 solucio-

379 4369 388 4401 ¹
406 4369 462 4420 The
477 4385 552 4420 name
568 4369 599 4419 oi
611 4369 661 4420 this
677 4371 758 4436 place,
772 4387 830 4422 now
842 4371 989 4437 Arringtom
1001 4371 1022 4421 is
1033 4371 1098 4437 spelt
1112 4369 1285 4436 Emingetone
1297 4369 1322 4418 iu
1335 4367 1442 4418 Domes-

329 4453 378 4519 dsy
389 4454 441 4504 end
451 4455 495 4519 the
507 4454 593 4506 Grand
607 4453 769 4518 inquisition,
780 4455 810 4506 os
818 4455 900 4506 which
913 4455 1054 4521 Amigtoue
1065 4454 1087 4504 is
1097 4470 1113 4503 a
1124 4452 1276 4518 corruption.
