3192 5102
117 335 175 435 lv]
446 339 656 438 Expulsion
682 340 732 435 os
747 340 808 414 the
826 339 933 440 Jews
1150 365 1193 414 22
1200 362 1219 436 5

114 535 150 589 et
173 526 240 590 duo
263 537 394 592 tanturn
420 528 537 594 iratres
559 549 634 594 curn
661 550 711 606 e0,
733 551 875 612 quorum
898 550 984 594 unus
1008 538 1078 594 erat
1100 530 1221 612 laycus.

117 628 176 711 Hij
197 641 263 694 tres
285 631 402 695 iratres
422 633 557 716 inopem
579 635 683 696 uitam
706 635 885 710 duxerunt,
907 644 941 697 et
964 635 1058 717 quasi
1080 633 1168 698 same
1189 645 1222 698 et

115 735 170 798 siti
197 749 408 803 exaruerunt.
455 737 610 802 Tandem
638 738 725 802 idem
756 738 856 803 irater
879 739 1028 803 Thomas
1052 751 1223 824 resumpto

113 839 232 902 habitu
263 842 400 906 seculari
432 841 603 907 festinauit
633 843 676 907 ad
706 843 834 926 Regem
862 845 923 908 sub
951 845 1103 908 custodia
1130 845 1222 926 quia¹

115 942 195 1006 alibi
212 943 375 1009 diuertere
389 967 454 1010 non
469 959 608 1031 poterat.
647 948 693 1013 Et
709 967 784 1012 cum
798 950 986 1031 perueniret
1001 949 1222 1024 Londoniam‚
1236 967 1289 1010 me
1299 967 1367 1019 arag

116 1048 231 1111 uolens
262 1049 384 1113 habere
415 1052 617 1134 colloquium
648 1071 724 1116 cum
758 1053 852 1134 Rege
883 1061 919 1116 ut
950 1052 993 1115 ab
1023 1073 1064 1115 eo
1095 1063 1223 1136 peteret
1235 1017 1365 1110 iiluriizlff

116 1155 376 1219 misericordiam
411 1157 444 1219 in
480 1177 602 1238 magna
633 1157 831 1233 humilitate,
863 1157 969 1220 noluit
1001 1158 1077 1221 Rex
1108 1158 1222 1222 uidere

115 1279 203 1336 eum,
225 1261 283 1324 sed
307 1263 455 1344 precepit
479 1271 514 1326 ut
538 1261 581 1326 ad
603 1262 711 1326 socios
732 1281 810 1326 suos
831 1263 1028 1326 iusticiarios
1048 1263 1224 1327 duceretur

116 1365 159 1428 ad
191 1365 324 1430 Turrim
357 1366 541 1444 Londonie‚
571 1376 604 1431 et
635 1367 775 1431 vinculis
806 1376 1016 1432 coarteretur.
1072 1366 1117 1430 Et
1147 1375 1223 1450 post

116 1491 241 1552 paucos
251 1472 322 1535 dies
329 1472 406 1535 Rex
416 1492 476 1555 per
487 1473 626 1535 nuncios
640 1471 841 1556 sollempnes
853 1472 947 1536 dedit
959 1472 989 1535 ei
1002 1472 1222 1554 adopcionem

116 1577 150 1638 in
173 1576 287 1651 tribus,
310 1575 367 1640 sed
392 1577 493 1658 elegit
516 1585 647 1640 tanturn
673 1596 773 1640 vnam
801 1576 901 1654 uiam,
923 1575 1049 1640 scilicet
1072 1575 1224 1640 abiurare

116 1699 256 1761 regnum
281 1679 415 1762 Anglie,
437 1679 528 1761 quod
552 1689 587 1743 et
609 1689 727 1764 postea
750 1679 835 1744 iecit.
883 1679 928 1744 Et
951 1689 1113 1763 tanquam
1138 1699 1224 1744 vnus
1239 1697 1388 1748 unsrun.

116 1784 160 1847 de
180 1784 348 1848 uilissimis
363 1784 483 1847 scurris
500 1784 633 1866 Anglie,
648 1785 776 1848 tunica¹
791 1793 923 1848 tantum
941 1783 1090 1860 uestitus,
1105 1783 1223 1847 discal-
1237 1749 1279 1792 ’Μ
1289 1748 1375 1790 '‘⁸¹⁰''

115 1889 222 1952 ciatus
238 1898 272 1951 et
288 1887 378 1951 nudo
394 1887 512 1970 capite,
529 1889 695 1970 accipiens
710 1897 744 1952 et
761 1899 898 1971 portans
914 1907 1045 1951 crucem
1063 1889 1095 1950 in
1113 1908 1224 1964 manu,

115 1992 224 2056 tenuit
236 1993 339 2054 altam
353 2001 492 2055 stratam
506 2012 620 2055 uersus
635 2012 733 2068 mare,
745 2003 778 2055 et
794 2012 854 2075 per
870 2001 985 2056 noctes
1001 1994 1139 2056 domum
1156 2011 1222 2056 non

115 2097 274 2172 introiuit,
296 2106 330 2160 et
353 2099 400 2159 sic
424 2115 514 2161 mare
538 2096 738 2180 pertransiit.
784 2095 816 2161 Ο
841 2117 944 2181 quam
967 2107 1039 2162 erat
1063 2097 1224 2160 mirabilis

116 2201 201 2265 tanti
219 2201 278 2264 uiri
295 2199 406 2264 subita
421 2200 587 2265 mutacio!

183 2305 236 2370 De
261 2305 400 2369 domino
431 2304 544 2369 Adam
575 2306 618 2369 de
649 2306 832 2383 Strattone‚
862 2305 982 2369 clerico
1012 2305 1225 2381 thesaurarie,

115 2410 233 2475 habuit
249 2431 308 2474 rex
325 2410 520 2493 peccuniam
542 2411 637 2494 quasi
659 2410 835 2486 infinitam,
850 2411 977 2475 scilicet
993 2421 1031 2475 ut
1051 2409 1225 2475 dicebatur

116 2517 194 2580 .xiii.
225 2527 388 2581 carrectas
419 2517 488 2580 auri
516 2526 550 2580 et
579 2517 718 2600 argenti.
765 2515 831 2599 Qui
858 2517 974 2591 eciam,
1000 2515 1157 2579 liberatus
1181 2514 1324 2577 detaou

116 2641 255 2697 carcere,
271 2631 389 2705 postea
405 2633 456 2685 est
471 2623 645 2686 conuictus
661 2623 704 2685 de
724 2621 871 2704 quadam
891 2631 983 2685 carta
1005 2620 1087 2685 falsa
1108 2631 1225 2684 contra

119 2727 264 2790 Priorem
296 2725 338 2788 de
374 2726 652 2808 Bermundeseye,
682 2733 716 2789 et
752 2726 871 2789 iterum
905 2726 1026 2788 carceri
1062 2732 1225 2807 perpetuo

117 2833 329 2914 mancipatur
351 2837 425 2893 raso
449 2833 567 2914 capite.

183 2937 236 3001 De
259 2935 396 3000 domino
421 2936 571 2999 Roberto
593 2936 636 2999 de
661 2935 816 2999 Ludham
842 2935 898 3018 qui
922 2935 1000 2998 fecit
1024 2933 1122 2998 finem
1148 2953 1223 2996 cum
1239 2949 1386 2993 rnernreor

120 3043 213 3122 Rege
234 3061 294 3124 pro
313 3041 482 3105 sexcentis
505 3041 631 3106 marcis.
678 3041 845 3104 Dominus
866 3040 971 3104 eciarn
996 3039 1160 3103 Radulius
1183 3039 1225 3102 de
1240 3001 1353 3093 liiiio

121 3147 301 3228 Hengham
323 3147 379 3230 qui
401 3156 473 3210 erat
491 3147 793 3210 excellentissimus
809 3147 1007 3210 iusticiarius
1022 3145 1148 3227 Anglie
1164 3144 1226 3208 sub
1239 3101 1384 3202 ll'dnitiiii·

120 3252 213 3334 Rege
241 3251 317 3316 iecit
348 3272 464 3335 pacem
492 3273 552 3335 pro
579 3272 703 3334 magna
728 3252 887 3334 peccunie
914 3270 1044 3314 summa
1072 3259 1106 3313 et
1130 3251 1225 3332 quasi

117 3355 254 3420 infinita.

294 3589 341 3654 31.
388 3571 439 3638 De
459 3573 640 3658 expuuone
662 3573 846 3650 Iudeorum,
868 3583 900 3638 et
922 3573 1053 3650 decima,

513 3687 544 3742 ct
564 3677 681 3760 quinta
703 3677 834 3743 decima.

186 3817 317 3881 Eodem
355 3837 447 3882 anno
481 3818 608 3882 scilicet
643 3820 736 3900 regni
773 3817 876 3901 Regis
914 3817 1094 3882 Eadwardi
1132 3817 1225 3880 .xix⁰.
1241 3833 1382 3926 septimun

117 3922 204 4002 exiit
228 3924 376 3987 edictum
404 3945 424 3986 a
453 3923 546 4005 Rege
576 3923 666 4006 quod
695 3942 812 3986 omnes
845 3923 940 3986 iudei
967 3922 1167 3998 exularenv,
1193 3931 1226 3985 et
1239 3884 1318 3988 live-⁹
1329 3943 1388 3986 1²⁹0·

3 4083 4 4104 ἢ
118 4029 321 4111 quicumque
345 4038 423 4111 post
449 4028 538 4092 diem
563 4029 713 4093 omniurn
740 4037 931 4092 sanctorum
958 4036 1045 4090 esset
1071 4027 1227 4090 inuentus

3 4187 4 4206 .
118 4133 236 4198 iudeus
259 4134 292 4197 in
324 4132 458 4216 Anglia,
489 4135 601 4217 capite
631 4142 848 4198 truncaretur.
894 4131 1117 4195 Recesserunt
1147 4149 1228 4212 ergo

167 4283 178 4316 ¹
195 4285 272 4350 quod,
285 4285 342 4337 MS.
602 4284 613 4315 '
629 4285 747 4346 tunicam,
762 4283 821 4335 MS.

169 4367 180 4400 ³
195 4369 252 4420 The
271 4370 361 4421 decree
380 4370 418 4420 ior
434 4370 477 4420 the
494 4370 625 4435 expulsion
645 4368 675 4418 oi
691 4369 734 4420 tire
749 4369 816 4433 Jews
832 4367 853 4417 is
869 4366 945 4417 dated
967 4381 995 4430 3¹
1018 4365 1124 4430 August.
1149 4375 1228 4428 η9ος

119 4455 165 4504 but
177 4453 220 4504 the
235 4455 292 4516 rqth
302 4469 362 4521 year
373 4453 453 4505 nithe
465 4455 556 4519 Ring's
568 4453 637 4518 reign
648 4452 694 4504 did
705 4461 750 4504 not
761 4453 836 4518 begin
849 4451 886 4502 till
900 4467 932 4516 30
943 4449 1097 4500 November.

201 4580 228 4626 c
1110 4571 1143 4634 ι5
