3212 5064
147 381 180 480 1]
489 383 550 481 Os
567 383 707 478 Henry
731 380 792 453 the
817 381 927 453 First
1211 397 1256 472 55

147 585 390 650 monasterium
411 583 608 662 construxit,
624 592 658 648 et
679 603 810 647 murum
832 583 918 647 circa
941 581 1081 646 Turrem
1105 580 1258 645 London.

147 687 297 752 Viuente
326 709 406 752 uero
438 688 627 751 Lanfranco
657 683 880 769 archipresule
912 684 1089 748 uirtutibus
1124 683 1259 747 deditus

148 791 221 869 fuit,
236 792 295 856 sed
311 813 352 855 eo
373 801 506 855 mortuo
527 789 622 872 uicijs
642 788 831 853 deseruiuit.
879 787 1040 852 Omnium
1057 788 1146 851 enim
1163 785 1258 851 heres

148 897 288 978 cupiens
308 915 389 970 esse,
409 895 622 978 episcopatus
645 902 680 956 et
701 891 857 956 abbacias
879 902 936 956 aut
955 892 1124 956 uendebat
1145 900 1203 955 aut
1224 891 1257 954 in
1270 898 1288 950 t.
1304 899 1358 949 rab

149 1019 252 1062 manu
268 1019 329 1062 sua
344 997 490 1074 tenebat,
505 1007 540 1062 et
554 997 598 1061 ad
614 995 745 1060 firmam
766 995 902 1070 dimisit,
917 995 1006 1059 vnde
1024 996 1078 1060 die
1093 1017 1160 1079 qua
1175 995 1259 1060 obiit

149 1103 471 1186 archiepiscopatum
503 1099 788 1176 Cantuariensem,
818 1102 979 1165 exulante
1012 1100 1186 1179 Anselm0,
1225 1101 1258 1163 in

151 1209 286 1293 proprio
324 1208 527 1293 possidebat,
565 1218 599 1272 et
636 1209 867 1291 episcopatum
907 1207 1187 1288 Wyntoniensem
1226 1215 1260 1270 et

151 1311 444 1396 Sarisbyriensem,
459 1321 493 1376 et
505 1311 559 1376 ‚xi
573 1311 730 1375 abbacias
746 1310 789 1373 ad
803 1307 933 1373 firmam
949 1309 1055 1374 datas.
1089 1309 1156 1373 Hic
1167 1309 1259 1373 .xiii⁰.

150 1417 244 1500 regni
271 1417 321 1480 sui
345 1437 443 1492 anno,
467 1415 548 1480 dum
573 1416 606 1478 in
630 1434 718 1478 noua
745 1413 868 1478 foresta
895 1423 1018 1478 uenatu
1046 1423 1135 1477 esset
1161 1434 1257 1476 occu-

150 1532 260 1604 patus,
296 1543 318 1586 a
356 1520 525 1585 Willelmo
567 1519 670 1602 Tyrel
713 1520 873 1603 sagittam
915 1521 1049 1585 incaute
1091 1520 1257 1603 dirigente

150 1647 335 1710 percussus,
358 1627 463 1691 uitam
486 1625 602 1689 finiuit
649 1625 834 1709 Wyntonie
856 1625 1007 1709 sepultus
1030 1635 1088 1690 est.

430 1803 479 1868 32.
523 1786 575 1850 De
597 1785 739 1850 Henrico
761 1786 850 1869 Rege
863 1786 985 1868 primo.

220 1925 387 1990 Henricus
408 1925 509 1989 frater
529 1923 599 1986 eius
621 1923 730 1987 iunior
749 1925 909 1988 successit
924 1924 963 2002 ei,
979 1925 1036 2008 qui
1055 1925 1173 1990 diebus
1190 1925 1261 1988 istis
1275 1946 1385 2038 orxrn5

152 2037 294 2093 uocatur
325 2029 491 2092 Henricus
522 2029 640 2092 senior.
698 2027 766 2091 Hic
796 2028 971 2092 ecclesiam
1003 2029 1142 2093 liberam
1174 2029 1261 2106 fecit,
1275 1997 1422 2140 diffinio

151 2133 411 2200 consuetudines
434 2153 556 2217 prauas
578 2143 613 2197 et
636 2134 831 2198 exactiones
854 2134 999 2213 abstulit,
1023 2146 1056 2199 et
1079 2136 1260 2199 earundem
1276 2159 1333 2200 uas·

151 2241 361 2304 inuentorem
379 2237 596 2323 Ranulphum
614 2239 876 2304 Dunelmensem
893 2241 1102 2324 episcopum¹
1118 2241 1262 2305 incarce-

152 2344 248 2408 rauit.
288 2343 455 2407 Robertus
466 2343 631 2408 Curthuse
644 2342 745 2408 frater
754 2345 824 2407 eius
837 2345 947 2408 senior
960 2343 1042 2408 Dux
1056 2344 1262 2409 Normannie

152 2446 252 2529 redijt
263 2446 307 2511 de
318 2447 435 2510 itinere
448 2447 742 2522 iherosolimitano,
754 2457 789 2511 et
806 2449 960 2530 Paganus
974 2448 1110 2513 Peuerel
1127 2449 1263 2532 signifer

151 2551 224 2615 eius
239 2571 316 2615 cum
333 2571 381 2615 eo.
421 2550 498 2615 Rex
515 2572 632 2634 pacem
649 2550 778 2616 firmam
791 2573 851 2637 per
866 2574 1005 2636 regnum
1022 2574 1120 2618 suum
1136 2554 1262 2629 statuit,

151 2665 190 2718 vt
211 2654 269 2737 qui
293 2655 382 2719 furto
407 2654 634 2739 deprehensus
658 2654 764 2734 fuerit,
786 2656 1017 2738 suspendatur.
1071 2656 1261 2721 Abbaciam

153 2759 197 2824 de
222 2759 289 2843 Ely
312 2758 345 2823 in
374 2760 605 2843 episcopatum
632 2761 806 2837 conuertit,
834 2772 868 2825 et
894 2761 1039 2844 primum
1067 2762 1263 2844 episcopum

156 2863 329 2929 Herueum
350 2865 531 2930 constituit.
578 2865 655 2930 Rex
677 2865 780 2930 filiam
802 2887 897 2929 suam
918 2865 1095 2930 Matildem
1115 2866 1263 2929 ilenrico

154 2969 344 3052 imperatori
372 2971 465 3035 dedit
491 2971 524 3034 in
552 2990 701 3036 vxorem.
758 2970 936 3034 Discordia
963 2991 1086 3053 magna
1112 2980 1186 3034 orta
1213 2981 1264 3034 est

154 3073 241 3137 inter
251 3073 366 3138 iratres
377 3095 438 3157 pro
450 3095 569 3157 regno:
584 3074 741 3138 videlicet
754 3073 940 3138 Robertum
959 3073 1125 3138 Curthuse
1141 3076 1262 3158 primo·

154 3178 317 3261 genitum,
332 3189 366 3242 et
384 3179 567 3243 Henricum
585 3200 696 3263 regem
714 3179 847 3244 fratrem
865 3200 972 3244 suum.
1019 3180 1118 3244 Multi
1135 3181 1263 3246 insiste-

154 3283 238 3346 bant
253 3283 344 3366 quod
364 3283 529 3347 Henricus
550 3283 782 3367 expelleretur,
798 3294 832 3348 et
854 3284 1022 3348 Robertus
1043 3296 1264 3350 coronaretur.

157 3387 225 3453 Sed
251 3409 321 3471 pax
349 3389 435 3452 inter
461 3389 551 3471 ipsos
578 3386 726 3452 firmata¹
751 3399 811 3464 est,
836 3389 884 3453 ita
910 3389 1000 3472 quod
1026 3410 1087 3453 rex
1115 3389 1210 3454 daret
1235 3391 1263 3454 ei

155 3492 295 3576 singulis
317 3493 414 3556 annis
438 3489 519 3556 1111M
544 3513 680 3558 marcas.
729 3493 806 3556 Rex
834 3491 976 3556 contulit
1003 3494 1139 3576 egregio
1166 3494 1263 3559 militi
1280 3499 1430 3543 nemum

1278 3563 1310 3592 on
1321 3551 1382 3593 Ptin

158 3593 295 3679 Pagano
312 3595 447 3660 Peuerel
469 3595 642 3659 baroniam
659 3616 761 3679 quam
784 3597 931 3678 Pycotus
947 3595 1131 3659 vicecomes
1147 3599 1263 3675 tenuit,
1279 3600 1429 3702 {ffingsthe

157 3711 191 3764 et
220 3700 322 3764 situm
356 3701 398 3763 de
437 3699 640 3763 Bernewelle
670 3701 726 3764 ubi
756 3701 907 3764 canonici
942 3700 1044 3764 modo
1075 3701 1264 3766 fundantur.
1279 3701 1415 3803 ἷζξέξξω

158 3805 235 3869 Rex
266 3805 372 3868 eciam
404 3804 466 3868 iste
504 3803 671 3869 Henricus
708 3805 786 3869 fecit
821 3807 902 3890 ipsis
937 3806 1105 3870 canonicis
1141 3807 1264 3870 bonam
1279 3803 1415 3894 232,{,};2⁶

156 3919 283 3974 cartam
311 3908 354 3972 de
376 3909 441 3972 situ
465 3911 508 3974 de
533 3909 737 3974 Bernewelle
763 3932 784 3974 a
811 3931 935 3993 magna
962 3912 1073 3992 platea
1100 3931 1204 3994 usque
1232 3912 1265 3974 in
1279 3901 1415 3994 2¹:3¹3AE

157 4014 299 4079 riueram
331 4013 374 4077 de
410 4014 634 4096 Cantebrigia‚
665 4025 699 4078 et
729 4015 877 4078 decimas
908 4015 955 4076 eis
985 4013 1079 4077 dedit
1115 4013 1158 4076 de
1193 4023 1266 4076 toto
1279 4003 1375 4095 ξζξξζ,

155 4117 329 4212 dominico
350 4137 412 4179 suo
440 4118 472 4180 in
502 4117 727 4200 cantebrigia,
750 4127 784 4180 et
810 4117 984 4181 ecclesiam
1008 4119 1115 4180 sancti
1143 4116 1266 4199 Egidij,
1283 4103 1389 4156 “¹¹⁴²’-

156 4233 191 4288 et
226 4222 403 4288 ecclesiam
440 4224 482 4286 de
519 4223 754 4288 Cumbertone.
817 4224 891 4288 Hec
921 4223 1058 4306 quidem
1095 4233 1186 4286 carta
1216 4232 1266 4284 est

338 4331 347 4364 ¹
365 4332 461 4382 Ranmi
472 4333 616 4390 Flambard‚
630 4334 668 4399 Bp
680 4334 709 4384 oi
719 4335 841 4395 Durham,
859 4349 1025 4399 1099-1133.

337 4415 347 4446 ²
363 4416 475 4476 formata,
490 4417 547 4468 MS.
