3192 5102
359 397 428 466 242
649 371 845 447 Hundred
865 373 914 472 of
933 372 1149 450 Chesterton
1344 374 1464 474 [aoox

240 563 258 612 t.
274 563 343 626 ¹4³¹)
421 558 619 642 Maddingle
640 557 876 643 [MadingleyJ.
922 559 1027 644 Hugo
1048 559 1091 625 de
1114 559 1280 644 Burdeley
1306 559 1409 624 debet
1444 559 1463 622 i.

355 673 492 740 sectam,
513 671 548 728 et
571 671 664 728 tenet
694 663 727 728 in
759 663 977 748 Maddingele
1009 665 1181 748 Rampton
1211 675 1245 732 et
1275 663 1462 730 Cotenham

356 767 490 832 feodum
515 767 543 850 .j.
575 767 690 832 militis
720 766 763 832 de
794 769 947 834 Gilberto
978 771 1086 836 Peche
1115 770 1159 835 de
1189 769 1288 835 leodo
1315 769 1463 853 episcopi

356 881 520 965 Elyensis.

422 985 605 1052 Middilton
629 985 792 1070 [Milton].
837 986 1039 1052 Godelridus
1066 987 1108 1052 de
1139 987 1350 1054 Craucumbe
1372 995 1464 1052 tenet

356 1092 455 1158 seoda
477 1092 518 1175 ij.
543 1092 686 1158 militum
709 1093 752 1157 de
774 1093 930 1174 Johanne
951 1093 994 1158 de
1015 1095 1125 1160 Beche
1140 1094 1183 1158 dc
1200 1093 1301 1158 l'eodo
1315 1093 1463 1176 episcopi

357 1199 521 1281 Elyensis.
568 1197 684 1262 Petrus
700 1197 786 1262 filius
804 1198 958 1264 Nicholai
974 1199 1075 1264 debet
1089 1199 1119 1283 .j.
1135 1209 1262 1264 sectam
1283 1219 1344 1282 pro
1364 1198 1464 1262 lcodo

356 1322 513 1387 episcopi.

431 1406 580 1472 Westwic
601 1407 818 1492 [Westwick].
865 1407 1029 1472 Ric'ardus
1059 1409 1246 1474 Belebuche
1276 1417 1369 1473 tenet
1398 1407 1464 1491 iiij.

357 1523 486 1598 partem
509 1511 597 1576 l'eodi
621 1512 651 1595 .j.
675 1511 789 1576 militis
811 1512 854 1576 de
876 1513 1036 1596 episcopo
1062 1513 1211 1596 Elyensi,
1239 1523 1275 1577 et
1303 1513 1406 1576 debet'
1435 1511 1465 1594 .j.

356 1627 491 1694 sectam,
513 1628 547 1683 et
569 1619 612 1682 de
635 1616 764 1682 auxillo
785 1616 989 1681 vicecomitis
1012 1616 1078 1699 ijs.

432 1719 898 1807 Waterbeclu[Waterbeach].
936 1720 1118 1804 Templarii
1128 1730 1245 1785 tenent
1253 1721 1340 1786 duas
1350 1729 1464 1805 pattes

357 1826 506 1891 eiusdem
536 1826 614 1891 ville
644 1827 677 1890 in
709 1826 846 1890 liberam
877 1825 1093 1890 elemosinam
1125 1825 1168 1890 de
1192 1825 1292 1890 feodo
1317 1825 1464 1909 Elyensi.

360 1929 523 1994 Ricardus
546 1930 577 1995 le
600 1929 739 1994 Botiler¹
762 1939 856 1994 tenet
871 1929 1007 1994 feodum
1027 1929 1157 1996 dimidii
1176 1931 1291 1995 militis
1306 1933 1350 1995 de
1364 1930 1465 1994 Ioodo

358 2032 516 2098 Willelmi
540 2034 584 2099 de
612 2035 743 2120 Hobrifi
764 2034 807 2098 de
831 2033 1056 2112 Bokeswrthe,
1086 2045 1120 2099 et
1150 2035 1268 2099 reddet
1298 2035 1462 2098 auxilium

358 2139 561 2204 vicecomitis
577 2159 654 2203 cum
668 2139 884 2204 Bokeswrthe
898 2148 932 2203 et
947 2147 1040 2203 tenet
1055 2138 1084 2222 .j.
1097 2139 1222 2221 hydam
1239 2138 1464 2222 geldabilem’.

554 2369 758 2436 Hundredus
779 2371 818 2435 de
842 2369 1004 2436 Cesterton
1026 2369 1265 2456 [ChestertonJ.

425 2533 584 2601 Childerle
599 2533 828 2619 [childerteyt
876 2534 1043 2598 Robertus
1063 2535 1105 2598 de
1122 2533 1206 2598 Ocle
1221 2544 1313 2600 tenet
1329 2535 1464 2600 feodum

356 2639 487 2704 dimidii
504 2640 619 2703 militis
638 2640 681 2702 de
699 2638 833 2705 Comite
851 2638 1092 2703 Huntindonie
1139 2639 1269 2704 Ibidem
1293 2639 1465 2722 Jobannes

357 2746 400 2809 de
438 2743 605 2809 Childerle
634 2753 727 2809 tenet
756 2743 892 2808 feodum
928 2743 1057 2807 dimidii
1089 2743 1203 2808 militis
1233 2745 1276 2807 de
1306 2745 1466 2827 episcopo

359 2849 594 2924 Lincolnlensi‚
618 2857 652 2911 et
682 2847 784 2912 debet
808 2868 908 2911 vnam
939 2857 1074 2924 sectam,
1098 2856 1133 2912 et
1162 2847 1205 2912 de
1231 2846 1359 2912 auxillo
1378 2848 1464 2912 vice-

356 2953 488 3016 comitis
504 2951 569 3034 .Ij.s.
615 2951 662 3015 Et
678 2962 756 3015 sunt
776 2961 843 3015 tres
858 2950 949 3033 hyde
964 2949 1149 3032 geldabiles
1165 2951 1298 3026 ibidem,
1314 2961 1348 3015 et
1363 2953 1465 3015 debet

357 3057 564 3140 pontagium.

422 3162 550 3243 Hyston
573 3159 738 3246 [Histon].
785 3161 953 3226 Henricus
977 3162 1018 3225 de
1038 3161 1187 3228 Coleuile
1201 3171 1294 3226 tenet
1310 3162 1408 3226 seoda
1423 3161 1466 3244 ij.

358 3266 500 3330 militum
516 3265 560 3328 de
575 3266 734 3348 epIscopo
753 3264 987 3330 Lincolniensi.
1034 3265 1163 3330 Ibidem
1181 3265 1316 3330 leodum
1333 3265 1466 3330 abbatis

356 3368 400 3433 de
423 3367 617 3451 Eynesham
641 3367 742 3432 debet
764 3368 793 3450 .j.
820 3379 946 3434 sectam
973 3369 1077 3433 etde
1103 3368 1230 3434 auxilio
1259 3370 1467 3436 vicecomitis

358 3473 477 3555 ,viij.s.;
515 3483 549 3538 et
578 3483 657 3536 sunt
687 3472 732 3536 ibi
763 3474 807 3538 de
829 3473 930 3538 leodo
951 3475 1102 3540 eiusdem
1125 3473 1257 3540 abbatis
1283 3495 1346 3540 .xv.
1374 3475 1468 3558 hyde

357 3577 549 3661 geldabiles,
560 3587 594 3641 et
610 3588 701 3642 tenet
714 3579 747 3642 ln
760 3579 931 3662 socagium
946 3580 991 3644 de
1004 3581 1164 3664 episcopo
1181 3579 1416 3658 Lincolniensi‚
1431 3591 1468 3646 et

357 3681 458 3747 debet
474 3683 679 3766 pontagium.

426 3785 629 3871 Cotenldam]
649 3784 892 3872 [Cottenhaml
939 3789 1106 3854 Robertus
1126 3787 1170 3853 de
1185 3789 1299 3853 Insula
1314 3798 1407 3876 tenet
1422 3791 1467 3856 de

359 3893 517 3976 episcopo
534 3891 672 3974 Elyensi
693 3894 830 3957 terciam
854 3902 984 3976 partem
1000 3893 1078 3958 ville
1093 3893 1127 3956 in
1143 3895 1286 3976 socagio.
1334 3893 1469 3962 Ibidem

358 3997 530 4080 Johannes
552 3997 596 4059 de
619 3995 830 4060 Cothenham
854 4006 947 4062 tenet
969 3996 1103 4061 feodum
1127 3996 1257 4064 dimidii
1281 3998 1397 4062 militis
1423 3999 1467 4064 de

360 4104 517 4186 episcopo
534 4101 671 4185 Elyensi
681 4113 716 4166 et
725 4101 827 4166 debet
843 4102 869 4184 .j.
887 4113 1013 4168 sectam
1026 4113 1060 4168 et
1071 4103 1251 4168 deauxilio
1261 4103 1469 4168 vicecomitis

359 4206 425 4289 ijs.
472 4207 603 4271 Ibidem
621 4208 738 4271 Petrus
753 4206 796 4270 de
813 4207 949 4272 Pelham
960 4217 1053 4272 tenet
1063 4206 1197 4272 feodum
1210 4205 1339 4270 dimidii
1351 4206 1467 4272 militis

447 4368 456 4400 ι
550 4369 556 4391 ‚

447 4452 458 4482 ²
475 4369 737 4504 Ibballldfflbclvdes
754 4451 921 4505 Weterbench
938 4453 964 4503 ln
981 4453 1023 4504 the
1041 4451 1165 4502 IIundred
1183 4450 1212 4500 ol
1225 4448 1384 4503 Chestertoo.
