3192 5102
357 393 428 462 214
548 374 709 472 Dispule
735 375 827 448 with
854 376 994 450 Abbess
1019 376 1100 448 and
1121 377 1259 451 Sisters
1337 377 1458 478 [Boon

353 555 492 620 ecclesia
524 556 640 623 Sancti
672 557 830 624 Edwardi
865 580 926 624 sua
962 571 1171 626 sacramenta
1203 563 1396 648 percipient,
1426 575 1460 630 et

353 659 478 724 ibidem
505 682 583 726 suas
608 663 801 728 oblaciones
828 663 959 741 facient,
982 673 1018 728 ct
1041 665 1189 730 decimas
1215 685 1292 731 suas
1318 667 1459 734 soluent

355 763 426 828 Nos
449 778 562 832 autem
586 767 687 833 irater
702 768 832 852 Symon
854 770 947 834 Prior
967 771 1010 834 de
1031 769 1234 835 Bernewelle
1254 781 1288 835 et
1309 772 1458 838 eiusdem

353 868 417 933 loci
447 881 633 937 conuentus
666 883 700 937 et
736 873 953 959 W[illelmus]
993 875 1135 940 vicarius
1169 876 1307 941 ecclesie
1343 877 1458 944 Sancti

354 973 532 1039 Eadwardi
550 976 764 1060 Cantebrigie
779 999 824 1042 ex
839 987 935 1060 parte
951 999 1024 1054 vna,
1037 999 1097 1062 pro
1113 979 1209 1043 nobis
1220 989 1255 1044 et
1264 981 1459 1046 successori·

352 1077 415 1143 bus
431 1079 562 1157 nostris,
576 1090 611 1146 et
627 1102 688 1146 nos
703 1081 804 1147 irater
818 1084 990 1166 Johannes
1008 1084 1099 1148 Prior
1113 1094 1148 1148 et
1164 1083 1282 1150 iratres
1299 1085 1459 1152 heremite

352 1182 478 1247 ordinis
495 1185 610 1250 Sancti
628 1185 810 1270 Augustini
830 1187 1045 1270 Cantebrigie
1065 1209 1126 1272 pro
1147 1189 1244 1253 nobis
1265 1199 1298 1254 et
1313 1210 1458 1256 success·

351 1289 464 1355 oribus
485 1290 606 1356 nostris
626 1313 672 1356 ex
694 1293 808 1370 altera,
828 1293 1057 1377 promittimus
1077 1304 1111 1358 et
1130 1293 1319 1378 obligamus
1342 1315 1403 1360 nos
1425 1305 1459 1360 et

351 1415 557 1461 successores
574 1407 704 1462 nostros
720 1398 763 1462 ad
780 1398 895 1463 omnia
908 1407 942 1463 et
958 1398 1091 1482 singula
1106 1398 1298 1482 supradicta
1318 1398 1460 1465 fideliter

351 1502 563 1567 obseruanda
578 1513 612 1566 et
628 1503 661 1566 in
679 1504 770 1568 nullo
786 1505 919 1588 penitus
938 1503 1110 1580 contraire,
1126 1506 1358 1570 renunciantes
1378 1525 1459 1588 pure

351 1617 386 1672 et
401 1607 583 1672 deliberate
599 1611 711 1692 quoad
728 1609 890 1692 premissa
905 1609 1061 1675 omnibus
1072 1607 1257 1692 priuilegijs
1272 1609 1459 1692 impetratis

351 1735 390 1778 ac
416 1713 522 1779 eciam
550 1714 769 1798 impetrandis
796 1715 843 1780 ita
873 1725 986 1780 tamen
1018 1714 1130 1798 quoad
1161 1714 1276 1779 omnia
1300 1714 1367 1778 alia
1392 1715 1459 1779 sint

351 1818 525 1902 priuilegia
548 1829 662 1885 nostra
684 1821 786 1884 salua.

418 1921 458 1986 In
474 1923 567 1987 cuius
583 1924 629 1987 rei
646 1925 876 1989 testimonium
893 1925 1044 2008 sigillum
1065 1923 1216 1989 officialis
1238 1923 1394 2008 Elyensis
1415 1925 1458 1989 ad

352 2027 549 2092 instanciam
573 2039 722 2092 nostram
746 2049 889 2096 unacum
913 2029 1030 2112 sigillis
1054 2030 1175 2094 nostris
1198 2039 1249 2094 est
1273 2049 1458 2112 appensum

351 2133 559 2216 presentibus
576 2133 692 2198 litteris
709 2135 741 2197 in
763 2135 902 2200 modum
921 2135 1121 2217 cyrographi
1142 2135 1267 2199 diuisis.
1315 2133 1405 2197 Data
1425 2143 1459 2197 et

351 2247 426 2302 acta
456 2239 511 2302 die
542 2258 630 2302 anno
657 2249 691 2303 et
716 2238 790 2303 loco
817 2239 982 2322 predictis.
1028 2237 1186 2302 Testibus
1216 2236 1460 2301 venerabilibus

351 2343 431 2407 viris
451 2343 612 2426 magistro
628 2343 780 2408 Gallrido
804 2346 846 2408 de
864 2343 1062 2418 Pacheham,
1078 2341 1286 2407 Cancellario
1302 2341 1460 2406 vniuersi-

351 2447 430 2510 tatis
454 2446 678 2531 Cantebrigie,
700 2448 868 2530 magistris
894 2447 1041 2531 Hugone
1064 2448 1107 2530 de
1129 2447 1288 2530 Pagraue,
1310 2445 1460 2510 ilenrico

351 2551 528 2635 Sampson,
553 2553 632 2617 iuris
658 2553 764 2618 ciuilis
788 2553 1039 2637 professoribus,
1062 2553 1222 2636 magistro
1247 2553 1394 2636 Hugone
1416 2555 1459 2618 de

351 2655 466 2733 Holm‚
492 2657 631 2722 domino
658 2659 808 2742 Symone
834 2659 957 2722 vicario
983 2657 1122 2722 ecclesie
1149 2656 1266 2723 Sancti
1292 2657 1458 2739 Johannis

350 2761 572 2844 Cantebrigie,
607 2763 762 2845 Johanne
803 2763 877 2840 But,
914 2763 1069 2845 Johanne
1109 2761 1273 2839 Porthors,
1312 2761 1459 2828 Ricardo

350 2865 531 2944 Laurence,
573 2866 731 2948 Johanne
775 2868 922 2951 Martyn,
959 2887 1035 2932 cum
1079 2886 1201 2949 magna
1243 2865 1458 2931 multitudine

347 2972 550 3038 clericorum.

402 3173 451 3221 22.
499 3155 548 3220 De
560 3159 677 3238 forma
699 3157 936 3240 composicionis
950 3157 1043 3240 sacta
1065 3157 1152 3220 inter
1176 3154 1351 3222 canonias
1371 3155 1411 3220 de

413 3259 606 3324 Bernaaelle
626 3271 658 3326 et
678 3261 877 3326 abbatissam
898 3272 1076 3327 errorores
1097 3262 1136 3326 de
1167 3261 1391 3326 Waterbeclre¹.

185 3415 302 3459 nomn,
415 3381 518 3448 Anno
556 3385 683 3449 domini
718 3397 844 3452 .m⁰.cc⁰.
881 3385 1100 3468 nonagesimo
1140 3385 1242 3448 tercio
1277 3383 1458 3467 incipiente

184 3466 298 3559 billa.
349 3489 472 3573 incepit
482 3490 619 3556 domina
630 3490 783 3556 Dionisia
793 3491 836 3555 de
846 3500 960 3555 monte
973 3490 1098 3556 Caniso
1110 3489 1270 3555 fabricare
1280 3489 1456 3554 ecclesiam

183 3565 315 3659 iilud-2⁸3?
348 3604 382 3658 et
397 3594 520 3658 multas
535 3594 617 3659 alias
633 3593 784 3660 officinas
799 3595 843 3659 ad
859 3616 944 3679 opus
960 3615 1110 3659 sororum
1127 3595 1170 3658 de
1186 3595 1302 3660 ordine
1317 3593 1456 3659 fratrum

184 3667 259 3710 Nunc

183 3717 302 3811 §mor
349 3700 513 3764 minorum
531 3700 563 3763 in
586 3702 735 3766 manerio
751 3723 812 3766 suo
832 3703 875 3778 de
891 3699 1122 3778 Waterbeche‚
1139 3711 1173 3765 et
1194 3721 1284 3765 anno
1305 3699 1458 3766 reuoluto

183 3817 314 3912 3303„
348 3817 511 3868 uenerunt
547 3804 591 3869 ibi
622 3817 765 3888 quatuor
800 3826 930 3870 sorores
962 3806 1050 3870 circa
1084 3804 1207 3870 festum
1238 3803 1457 3871 Ascensionis

182 3882 326 4020 &yffi-⁶
348 3908 496 3986 Domini,
511 3910 553 3973 de
569 3919 656 3974 terra
670 3911 817 3976 Francie.
865 3913 910 3976 Et
922 3933 964 3976 ne
977 3911 1106 3977 matrici
1119 3911 1258 3976 ecclesie
1269 3912 1455 3995 dampnum

182 4030 240 4072 nsa-
347 4015 537 4096 proueniret
550 4035 608 4096 per
619 4035 733 4080 earum
746 4017 940 4094 aduentum,
953 4015 1041 4082 lacta
1056 4027 1108 4081 est
1123 4015 1328 4098 composicio
1344 4015 1376 4079 in
1394 4015 1457 4082 hcc

347 4119 467 4183 uerba:

394 4255 402 4287 ¹
421 4258 472 4308 Fur
494 4259 536 4308 the
558 4259 654 4323 history
676 4259 706 4309 os
724 4259 774 4313 this
796 4259 944 4311 foundation
966 4277 1008 4312 see
1031 4263 1053 4309 A
1078 4259 1185 4324 Hr'story
1205 4259 1238 4323 os
1251 4259 1292 4309 tha
1314 4260 1410 4309 Parisii
1432 4261 1464 4326 of

351 4340 511 4402 Waterbeaclr,
525 4343 558 4406 by
570 4343 611 4392 W.
631 4343 663 4393 K.
680 4343 752 4408 Ciny,
766 4344 842 4402 lab..
855 4347 904 4396 8vo
918 4345 1009 4395 Camb.
1026 4347 1095 4412 1859,
1110 4361 1133 4410 p.
1149 4359 1177 4410 91
1193 4343 1294 4406 (Camb.
1307 4344 1370 4393 Ant.
1383 4345 1454 4406 Soc..

345 4429 393 4474 dvo
406 4423 499 4488 l'ubl.).
