3212 5064
133 333 182 434 11]
266 336 383 413 whose
397 339 524 436 penest
547 338 636 413 said
657 364 755 414 mass
781 340 821 413 z'n
847 339 908 414 the
934 339 1117 438 Famery
1193 357 1239 430 97

189 522 336 580 Predictus
358 540 426 580 uero
445 522 612 598 G[aliridus]
631 526 792 596 capellanus
811 527 848 581 ob
867 526 1052 582 deuocionem
1070 541 1156 596 quam
1175 540 1243 596 erga
1257 534 1391 578 oetan-or

133 626 187 665 nos
206 621 233 667 et
252 612 367 668 domum
386 623 511 669 nostram
531 613 663 668 habetet
682 613 781 668 habuit
800 613 857 668 iam
875 630 910 670 ex
928 615 984 681 diu,
1002 621 1034 668 et·
1048 630 1084 669 ne
1103 613 1140 668 ob
1158 586 1397 688 istamssiip121,·.

133 699 346 754 concessionem
372 701 473 755 domus
495 711 592 756 nostra
614 717 686 755 onus
707 699 844 757 sustineat
866 704 913 758 uel
933 717 1097 772 grauamen‚
1117 699 1242 756 caritatis
1256 686 1371 780 ffissfss‘·

133 784 236 841 intuitu
254 797 283 843 et
301 805 335 842 ex
353 805 431 843 mera
451 787 618 845 liberalitate
636 799 665 845 et
684 789 832 845 affectione
850 790 983 860 benigna,
1002 799 1115 845 centum
1132 803 1242 843 marcas

133 875 242 944 argenti
265 875 301 931 ad
323 884 412 932 terras
434 888 461 932 et
484 876 610 932 redditus
631 879 847 947 comparandos,
867 887 894 932 et
916 878 1040 949 quinque
1061 893 1141 932 acras
1161 886 1242 943 terre,

133 973 161 1017 et
180 980 315 1034 magnum
334 963 509 1035 mesuagium
528 981 610 1020 suum
630 982 694 1021 cum
713 965 831 1036 edificijs
851 966 879 1020 in
898 967 1008 1037 campis
1027 975 1054 1021 et
1073 965 1101 1020 in
1120 964 1188 1018 villa
1205 964 1242 1019 de

135 1051 314 1116 Bernewelle,
333 1051 415 1107 nobis
433 1051 511 1107 dedit
532 1063 560 1107 et
579 1053 728 1120 concessit,
744 1053 816 1108 sicut
836 1053 994 1110 continetur
1013 1054 1041 1108 in
1059 1063 1138 1109 carta
1155 1070 1241 1124 quarn

133 1136 170 1192 de
195 1137 258 1208 ipso
282 1135 435 1210 G[alfrido]
458 1139 494 1195 de
520 1149 594 1194 terra
617 1149 646 1194 et
671 1140 817 1210 mesuagio
845 1140 1048 1210 prenominatis
1075 1156 1161 1210 penes
1188 1156 1241 1195 nos

133 1225 280 1281 habemus.
317 1227 559 1296 Recognoscimus
587 1227 676 1282 eciam
701 1244 754 1282 nos
778 1229 904 1284 vnanimt
928 1229 1046 1284 consilio
1071 1239 1098 1284 et
1123 1245 1241 1283 assensu

133 1315 308 1372 sentenciam
338 1314 643 1372 excommunicacionis
671 1318 769 1372 tulisse
799 1317 828 1372 in
856 1335 953 1372 omnes
978 1317 1027 1388 qui
1051 1317 1241 1372 fraudulenter

133 1414 162 1459 et
187 1405 263 1460 malo
284 1405 370 1460 modo
392 1407 427 1460 de
449 1405 602 1476 supradicti
624 1403 763 1476 capellani
788 1403 945 1460 exibicione
970 1405 1165 1460 subtraxerint.
1203 1405 1240 1459 Et

133 1491 280 1548 sciendum
304 1493 381 1564 quod
407 1493 578 1564 Capellanus
603 1493 651 1562 qui
676 1508 727 1562 pro
751 1502 879 1562 tempore
903 1492 955 1546 erit
979 1510 1030 1562 pro
1051 1491 1241 1563 disposicione

135 1580 238 1635 Prioris
248 1582 335 1636 nostri
349 1581 396 1653 qui
410 1598 461 1651 pro
474 1592 600 1651 tempore
610 1581 692 1636 luerit
701 1591 822 1651 ponetur
831 1583 876 1636 uel
887 1579 1072 1648 amouebitur,
1083 1581 1107 1634 si
1117 1580 1239 1634 officium

134 1685 217 1723 snum
241 1670 351 1740 explere
376 1687 433 1724 non
458 1671 555 1741 possit,
574 1680 603 1725 et
627 1671 699 1725 alius
724 1669 917 1738 substituatur,
937 1669 1092 1724 secundum
1114 1667 1240 1724 eiusdem

136 1753 239 1810 Prioris
251 1755 442 1827 prouisionem
455 1767 482 1810 et
496 1755 678 1811 uoluntatem.
720 1758 759 1811 Et
772 1757 801 1811 in
812 1757 896 1811 huius
909 1757 948 1811 rei
962 1755 1155 1811 testimonium
1167 1765 1218 1809 etc.

285 1991 336 2053 42.
381 1972 433 2037 De
454 1972 577 2038 duobus
597 1973 675 2058 alr'js
696 1973 911 2039 sacerdotibus
926 1973 1096 2057 perpetues.

202 2125 279 2189 Duo
306 2126 439 2208 insuper
465 2127 654 2190 sacerdotes
681 2136 759 2191 sunt
786 2128 1017 2210 inperpetuum
1046 2125 1240 2189 celebraturi
1256 2139 1347 2244 331.ιὸ
1349 2146 1400 2183 two

136 2231 169 2293 in
195 2229 323 2314 capella
352 2230 591 2295 Elemosinarie
618 2232 661 2295 de
689 2231 909 2295 Bernewelle:
940 2250 1024 2293 vnus
1047 2251 1108 2313 pro
1130 2231 1243 2294 anima
1256 2242 1378 2334 31¹1ng
1380 2246 1407 2284 to

136 2331 267 2397 Thome
296 2333 430 2416 Tuylet,
459 2344 493 2398 et
523 2335 607 2399 alius
637 2356 698 2418 pro
724 2336 837 2398 anima
864 2333 939 2416 Acij
970 2333 1077 2410 Frere,
1100 2354 1241 2417 quorum
1256 2341 1401 2435 awogne

136 2456 275 2521 corpora
300 2437 505 2521 sepeliuntur
532 2439 564 2502 in
591 2440 708 2503 eadem
736 2439 872 2522 capella
921 2437 981 2502 Ille
1007 2436 1112 2502 Acius
1144 2437 1382 2536 Freregpgruof

136 2541 203 2604 suis
236 2541 425 2625 sumptibus
458 2542 622 2625 capellam
657 2543 763 2626 ipsam
799 2541 981 2618 fabricauit,
1011 2553 1045 2606 et
1075 2552 1179 2606 terras
1208 2543 1376 2636 etfflssss‘i

136 2647 255 2710 domos
270 2647 437 2710 canonicis
452 2658 486 2711 et
502 2647 616 2711 domui
634 2647 875 2712 Elemosinarie
891 2648 991 2712 dedit.
1030 2646 1243 2731 Quapropter
1256 2643 1362 2737 fflf⁰f

137 2750 397 2815 Elemosinarius
424 2752 603 2834 respondet
630 2752 659 2814 ei
687 2772 745 2834 per
772 2772 895 2816 annum
920 2753 962 2816 de
985 2751 1015 2835 .j.
1038 2772 1159 2827 marca,
1182 2752 1241 2816 sed
1256 2744 1294 2837 33¹
1313 2745 1347 2837 ¹2}

136 2853 321 2918 corredium
343 2875 439 2919 suum
461 2855 628 2939 percipere
647 2857 821 2920 consueuit
836 2858 879 2919 de
895 2855 1027 2920 cellario
1043 2867 1077 2921 et
1092 2857 1242 2938 coquina.
1257 2845 1339 2888 Μ’·

136 2957 286 3021 Thomas
312 2957 437 3041 Tuylet
463 2958 556 3022 dedit
583 2959 751 3023 canonicis
778 2961 957 3042 sexaginta
983 2980 1076 3022 acras
1099 2969 1185 3022 terre
1209 2959 1241 3022 in

137 3063 264 3146 campis
285 3062 507 3146 Cantebrigie,
522 3072 557 3126 et
572 3064 692 3126 domos
707 3071 741 3126 et
758 3063 907 3127 redditus
926 3064 959 3126 in
978 3063 1104 3128 eadem.
1151 3064 1242 3148 Qua-

138 3174 272 3247 propter
301 3165 493 3247 capellanus
519 3165 589 3228 eius
612 3165 640 3248 .j.
665 3187 810 3230 marcam
838 3187 897 3250 per
923 3187 1047 3231 annum
1075 3169 1243 3250 percipere

138 3269 318 3347 consueuit,
340 3280 374 3334 et
396 3271 581 3334 corredium
605 3270 648 3334 de
670 3271 850 3335 communi.

224 3519 275 3584 43.
319 3501 371 3564 De
395 3499 563 3584 Capellam
586 3501 741 3586 nragr'stri
765 3502 899 3566 Roberti
917 3501 956 3567 dc
978 3501 1143 3566 Fulborne.

205 3655 366 3738 Magister
388 3657 555 3721 Robertus
576 3660 619 3723 de
641 3657 810 3722 Fulburne
828 3658 922 3722 dedit
940 3657 1108 3721 canonicis
1123 3657 1243 3721 domos
1257 3671 1372 3764 boeme-

139 3757 286 3842 iapldeas
301 3760 335 3823 in
353 3759 567 3844 cantebrigia
578 3781 622 3824 ex
635 3761 792 3844 opposito
803 3761 940 3826 ecclesie
953 3762 1058 3825 sancti
1069 3760 1243 3845 sepulchri,
1256 3771 1350 3865 tim
1359 3821 1387 3864 os

138 3871 174 3925 vt
210 3861 388 3926 canonicus
426 3883 511 3926 unus
548 3883 610 3946 pro
647 3884 687 3926 eo
720 3863 901 3929 celebraret
937 3866 1179 3948 inperpetuum,
1210 3871 1406 3964 &diffidit

139 3967 321 4051 assignauit
357 3968 545 4048 Johannem
584 3969 627 4032 de
664 3969 832 4033 Fulburne
868 3969 971 4033 filium
1005 3969 1164 4034 Willelmi
1201 3969 1244 4035 de
1256 3976 1318 4062 {33
1339 3983 1407 4064 Ἡ

140 4071 293 4136 Kerbrok
320 4073 363 4136 ad
390 4072 624 4137 celebrandum
651 4095 712 4157 pro
737 4095 779 4137 eo
808 4075 943 4157 quando
972 4073 1179 4138 ordinaretur
1209 4073 1241 4136 in
1257 4071 1408 4164 ᾖξ’·ῑω

139 4177 355 4240 sacerdotem.
401 4175 537 4240 Mortuo
560 4178 660 4262 igitur
686 4178 804 4241 eodem
834 4177 997 4260 Magistro
1025 4178 1175 4241 Roberto
1201 4177 1244 4242 de
1258 4171 1406 4291 pungunt.

142 4279 308 4346 Fulbome
338 4291 372 4345 et
397 4281 529 4364 sepulto
555 4303 664 4346 coram
693 4283 787 4347 altari
816 4284 921 4347 sancti
953 4281 1144 4366 Augustini,
1171 4302 1243 4365 pre·
1267 4256 1319 4305 '³⁵

138 4383 247 4454 dictus
273 4387 443 4470 Johannes
473 4389 515 4456 de
540 4387 708 4454 Fulburne
734 4388 880 4476 suscepit
905 4387 1058 4452 habitum
1082 4385 1243 4462 canonici,

220 4523 247 4568 α
1145 4523 1161 4582 r
