3222 5086
339 390 409 461 108
536 386 659 486 Riglzt
683 387 998 484 ofpresentation
1024 399 1061 460 to
1085 386 1220 461 church
1323 383 1441 483 [Boon

637 593 682 655 14
736 575 936 642 deictum
948 576 1151 660 juratorum.

172 763 291 856 mpfy
397 730 506 815 Jurati
548 731 664 796 dicunt
702 731 792 814 quod
832 732 1001 816 predictus
1044 731 1208 796 Ricardus
1248 729 1441 812 dissaysiuit

171 813 270 908 222⁰*
277 815 320 856 'h‘
333 836 461 901 dictum
479 835 625 900 Priorem
638 835 783 900 dedicta
799 835 940 900 dimidia
951 857 1028 900 acra
1040 845 1126 900 terre
1137 855 1214 899 cum
1231 833 1441 917 pertinenciis

171 916 271 1010 ἕψῃ
334 941 455 1005 iniuste
471 950 531 1005 etc.
550 941 636 1004 sicut
656 940 758 1004 breue
773 941 863 1004 dicit
911 942 993 1006 Ideo
1008 942 1269 1006 consideratum¹
1285 947 1336 1003 est
1351 936 1440 1021 quod

169 1016 305 1121 iiiiffiu
333 1045 444 1111 dictus
461 1045 554 1110 Prior
569 1056 741 1129 recuperet
756 1047 926 1128 saysinam
944 1045 1069 1130 sua[m]
1085 1067 1144 1130 per
1159 1046 1269 1109 uisum
1292 1043 1440 1126 recogni-

131 1174 133 1177 ·
171 1121 249 1238 ’ΜΕ
263 1188 321 1253 tob
333 1163 443 1217 torum
459 1163 493 1216 et
511 1151 674 1216 Ricardus
690 1153 724 1214 iu
741 1151 967 1215 misericordia
983 1171 1044 1234 pro
1058 1150 1254 1234 dissaysina

400 1255 530 1319 Eadem
569 1255 674 1318 assisa
712 1254 805 1319 uenit
844 1257 1058 1337 recognitura
1094 1255 1122 1318 si
1161 1252 1360 1317 Humsridus
1398 1251 1442 1314 de

333 1359 511 1443 Cloptone,
526 1358 689 1424 Ricardus
699 1358 787 1423 filius
800 1359 964 1438 Susanne,
975 1371 1010 1424 et
1024 1360 1188 1424 Ricardus
1201 1359 1288 1422 filius
1301 1357 1442 1442 Aylene,

334 1465 454 1529 iniuste
470 1473 531 1529 etc.
547 1464 812 1546 dissaysiuerunt
832 1464 978 1530 Priorem
999 1465 1042 1528 de
1059 1463 1260 1529 Bemewelle
1275 1462 1318 1526 de
1339 1461 1442 1525 libero

333 1578 526 1634 tenemento
546 1589 608 1632 suo
624 1569 656 1632 in
679 1569 850 1654 Cloptone
873 1579 907 1633 et
923 1570 1011 1634 vnde
1027 1570 1176 1653 queritur
1199 1567 1290 1651 quod
1314 1566 1441 1648 dissay·

333 1676 483 1739 siuerunt
498 1694 575 1738 eum
588 1674 631 1737 de
646 1673 753 1737 tribus
769 1675 855 1738 acris
871 1684 957 1738 terre
970 1684 1003 1737 et
1014 1695 1057 1738 .x.
1070 1672 1185 1737 solidis
1201 1671 1350 1734 redditus
1365 1689 1441 1733 cum

333 1777 545 1861 pertinenciis
569 1777 602 1839 in
625 1777 753 1842 eadem.
801 1777 846 1842 Et
872 1775 1073 1840 Humsridus
1094 1777 1195 1850 uenit,
1215 1785 1249 1838 et
1271 1771 1442 1856 respondit

332 1902 395 1965 pro
424 1903 460 1946 se
490 1890 523 1946 et
553 1882 636 1954 aliis„
660 1891 694 1945 et
726 1882 935 1965 recognoscit
960 1903 997 1946 se
1026 1880 1224 1964 dissaysisse
1254 1877 1441 1962 predictum

335 1987 480 2051 Priorem
508 1988 551 2051 de
574 1987 723 2072 predicta
746 1997 833 2052 terra
856 1998 890 2052 et
912 1987 1055 2064 redditu,
1077 1997 1111 2050 et
1136 1987 1166 2050 ei
1191 1983 1310 2048 reddit
1359 1981 1442 2044 Ideo

332 2091 596 2154 consideratum¹
620 2103 671 2154 est
695 2093 785 2174 quod
812 2091 981 2174 predictus
1010 2091 1103 2154 Prior
1128 2089 1251 2153 habeat
1273 2085 1441 2168 saysinam

333 2215 428 2259 suam
452 2205 485 2259 et
509 2195 677 2279 predictus
702 2195 902 2260 Humsridus
926 2197 958 2260 in
984 2193 1217 2259 misericordia.

403 2299 470 2362 iste
496 2319 611 2383 assyse
635 2310 733 2383 capte
758 2301 890 2365 suerunt
913 2320 1026 2365 coram
1053 2301 1192 2364 domino
1219 2294 1389 2362 Willelmo
1412 2296 1443 2360 le

335 2404 460 2468 Bretun
479 2405 608 2468 domini
632 2405 735 2487 Regis
753 2405 939 2488 justiciario
954 2405 1045 2489 apud
1062 2425 1201 2488 paruam
1218 2399 1392 2469 Scheliord
1408 2401 1441 2465 in

335 2509 479 2573 crastino
499 2509 726 2573 conuersionis
743 2510 832 2574 beati
858 2510 950 2574 Pauli
972 2530 1062 2574 anno
1082 2510 1175 2592 regni
1194 2509 1282 2591 regis
1305 2509 1442 2575 Henrici

335 2613 393 2680 filii
410 2614 496 2696 regis
510 2614 675 2697 Johannis
690 2615 808 2680 ,x01iii⁰.

441 2809 488 2876 15.
534 2795 586 2860 De
608 2795 818 2860 aduocacione
842 2795 979 2861 Ecclesia
1001 2797 1040 2860 de
1068 2796 1208 2880 Byrtmre
1230 2807 1341 2860 contra

680 2897 865 2980 Radulfirm
888 2899 928 2962 dc
951 2897 1094 2981 Camays.

171 3069 254 3114 orne
401 3045 531 3128 Assysa
547 3047 640 3110 uenit
655 3047 868 3130 recognitura
882 3047 957 3130 quis
973 3045 1158 3111 aduocatus
1179 3055 1329 3130 tempore
1349 3045 1442 3130 pacis

170 3121 308 3264 ΞΞΞΞΞἜ
335 3149 539 3233 presentauit
555 3148 708 3213 ultimam
724 3170 902 3232 personam
917 3171 984 3233 que
999 3160 1132 3214 mortua
1148 3149 1253 3214 estad
1266 3149 1440 3214 ecclesiam

173 3269 306 3364 {temp
335 3255 379 3320 de
401 3255 549 3337 Byrtone
571 3274 636 3338 que
657 3266 764 3331 uacat,
779 3256 871 3319 cuius
893 3256 1154 3320 aduocacionem
1179 3254 1376 3336 Radulphus
1399 3252 1441 3316 de

338 3360 491 3440 Kamoys
512 3368 546 3422 et
567 3356 726 3422 Ascelina
743 3380 829 3421 uxor
851 3360 922 3423 eius
941 3357 1089 3423 clamant
1105 3378 1219 3422 uersus
1238 3358 1382 3421 Priorem
1398 3355 1441 3419 de

172 3484 310 3528 rusorum
337 3462 548 3540 Bernewelle,
565 3473 601 3527 et
617 3460 788 3527 Othonem
809 3462 913 3526 filium
938 3462 1099 3528 Willelmi
1111 3487 1119 3542 ;
1141 3471 1174 3526 et
1194 3461 1282 3526 vnde
1302 3461 1441 3545 predicti

172 3535 322 3681 Ξὲῗιὲῗγι
337 3566 538 3650 Radulphus
567 3577 602 3631 et
632 3567 792 3631 Ascelina
826 3568 943 3632 dicunt
979 3567 1070 3650 quod
1100 3566 1247 3650 quedam
1283 3565 1442 3630 Ascelina

174 3687 292 3782 mii*
336 3673 457 3738 abauia
484 3671 579 3736 istius
610 3671 768 3735 Asceline
798 3681 949 3756 tempore
978 3670 1172 3755 J[ohannis]
1205 3669 1308 3752 Regis
1337 3670 1441 3753 patris

267 3750 290 3781 ι’
336 3777 464 3843 domini
500 3776 585 3858 regis
623 3796 710 3840 nunc
748 3775 953 3859 presentauit
987 3773 1156 3858 quendam
1194 3773 1363 3858 Rogcmm
1399 3775 1442 3839 de

339 3879 563 3964 Huntingseld
594 3880 748 3943 clericum
776 3899 873 3942 suum
900 3879 943 3944 ad
971 3878 1155 3962 predictam
1179 3878 1362 3957 ecclesiam,
1385 3881 1442 3961 qui

337 3985 380 4050 ad
404 3984 689 4069 presentacionem
715 4003 810 4047 suam
838 3982 900 4046 suit
931 3983 1098 4046 admissus
1122 3992 1157 4047 et
1182 3983 1355 4047 institutus
1379 3983 1443 4068 [et]

337 4090 456 4155 vltimo
477 4085 563 4170 obijt
585 4107 724 4170 persona
750 4089 782 4152 in
805 4089 933 4162 eadem,
956 4099 1017 4153 etc.

173 4218 293 4313 pirum„
404 4195 575 4258 Predictus
597 4191 687 4255 Prior
707 4192 787 4257 dicit
803 4192 894 4274 quod
916 4193 958 4256 ad
980 4192 1090 4275 ipsum
1106 4201 1237 4275 spectat
1253 4203 1443 4277 presentare

174 4319 302 4414 mnae-r
337 4301 380 4366 ad
411 4297 594 4383 predictam
621 4296 795 4361 ecclesiam
822 4317 863 4361 eo
892 4298 983 4380 quod
1010 4297 1148 4381 quidam
1175 4297 1373 4380 Radulphus
1399 4298 1443 4363 de

750 4442 758 4474 ¹
775 4453 958 4502 conservatum,
970 4444 1027 4496 MS.
