<?xml version="1.0" encoding="UTF-8"?>
<!DOCTYPE html PUBLIC "-//W3C//DTD XHTML 1.0 Transitional//EN"
    "http://www.w3.org/TR/xhtml1/DTD/xhtml1-transitional.dtd">
<html xmlns="http://www.w3.org/1999/xhtml" xml:lang="en" lang="en">
 <head>
  <title>
</title>
<meta http-equiv="Content-Type" content="text/html;charset=utf-8" />
  <meta name='ocr-system' content='tesseract 3.04.00' />
  <meta name='ocr-capabilities' content='ocr_page ocr_carea ocr_par ocr_line ocrx_word'/>
</head>
<body>
  <div class='ocr_page' id='page_1' title='image "./libermemorandor00maitgoog_0281.png"; bbox 0 0 3192 5102; ppageno 0'>
   <div class='ocr_carea' id='block_1_1' title="bbox 152 379 1258 478">
    <p class='ocr_par' dir='ltr' id='par_1_1' title="bbox 152 379 1258 478">
     <span class='ocr_line' id='line_1_1' title="bbox 152 379 1258 478; baseline 0.003 -26"><span class='ocrx_word' id='word_1_1' title='bbox 152 379 210 478; x_wconf 80' lang='lat' dir='ltr'>tv]</span> <span class='ocrx_word' id='word_1_2' title='bbox 422 381 531 456; x_wconf 85' lang='lat' dir='ltr'><em>about</em></span> <span class='ocrx_word' id='word_1_3' title='bbox 557 381 597 454; x_wconf 90' lang='lat' dir='ltr'>S.</span> <span class='ocrx_word' id='word_1_4' title='bbox 626 379 831 455; x_wconf 82' lang='lat' dir='ltr'>Edward’s</span> <span class='ocrx_word' id='word_1_5' title='bbox 855 381 991 454; x_wconf 76' lang='lat' dir='ltr'>cturct</span> <span class='ocrx_word' id='word_1_6' title='bbox 1188 405 1258 476; x_wconf 88' lang='lat'>213</span> 
     </span>
    </p>
   </div>
   <div class='ocr_carea' id='block_1_2' title="bbox 145 561 1404 4324">
    <p class='ocr_par' dir='ltr' id='par_1_2' title="bbox 145 561 1404 4324">
     <span class='ocr_line' id='line_1_2' title="bbox 152 561 1404 689; baseline -0.006 -56"><span class='ocrx_word' id='word_1_7' title='bbox 152 569 309 654; x_wconf 89' lang='lat' dir='ltr'>parochia</span> <span class='ocrx_word' id='word_1_8' title='bbox 330 569 393 634; x_wconf 93' lang='lat' dir='ltr'>sibi</span> <span class='ocrx_word' id='word_1_9' title='bbox 417 569 625 634; x_wconf 87' lang='lat' dir='ltr'>mansionem</span> <span class='ocrx_word' id='word_1_10' title='bbox 649 561 846 654; x_wconf 84' lang='lat' dir='ltr'>perpetuam</span> <span class='ocrx_word' id='word_1_11' title='bbox 870 569 1042 653; x_wconf 84' lang='lat' dir='ltr'>elegerunt</span> <span class='ocrx_word' id='word_1_12' title='bbox 1065 569 1127 634; x_wconf 84' lang='lat' dir='ltr'>luit</span> <span class='ocrx_word' id='word_1_13' title='bbox 1146 590 1258 634; x_wconf 87' lang='lat' dir='ltr'>coram</span> <span class='ocrx_word' id='word_1_14' title='bbox 1273 582 1404 689; x_wconf 55' lang='lat' dir='ltr'>neyspor</span> 
     </span>
     <span class='ocr_line' id='line_1_3' title="bbox 153 637 1366 758; baseline 0.001 -20"><span class='ocrx_word' id='word_1_15' title='bbox 153 673 249 738; x_wconf 91' lang='lat' dir='ltr'>nobis</span> <span class='ocrx_word' id='word_1_16' title='bbox 264 671 396 738; x_wconf 87' lang='lat' dir='ltr'>officiali</span> <span class='ocrx_word' id='word_1_17' title='bbox 413 673 563 758; x_wconf 91' lang='lat' dir='ltr'>predicto</span> <span class='ocrx_word' id='word_1_18' title='bbox 579 673 789 738; x_wconf 90' lang='lat' dir='ltr'>concorditer</span> <span class='ocrx_word' id='word_1_19' title='bbox 802 675 1003 739; x_wconf 88' lang='lat' dir='ltr'>ordinatum.</span> <span class='ocrx_word' id='word_1_20' title='bbox 1049 673 1149 758; x_wconf 84' lang='lat' dir='ltr'>Quod</span> <span class='ocrx_word' id='word_1_21' title='bbox 1169 637 1366 740; x_wconf 58' lang='lat' dir='ltr'>vide-123·”</span> 
     </span>
     <span class='ocr_line' id='line_1_4' title="bbox 152 777 1260 865; baseline 0.002 -23"><span class='ocrx_word' id='word_1_22' title='bbox 152 777 276 843; x_wconf 91' lang='lat' dir='ltr'>licet</span> <span class='ocrx_word' id='word_1_23' title='bbox 267 798 299 842; x_wconf 89' lang='lat' dir='ltr'>rn</span> <span class='ocrx_word' id='word_1_24' title='bbox 339 779 687 862; x_wconf 84' lang='lat' dir='ltr'>recompensacionem</span> <span class='ocrx_word' id='word_1_25' title='bbox 729 779 954 863; x_wconf 90' lang='lat' dir='ltr'>dampnorum</span> <span class='ocrx_word' id='word_1_26' title='bbox 995 802 1061 864; x_wconf 90' lang='lat' dir='ltr'>que</span> <span class='ocrx_word' id='word_1_27' title='bbox 1101 781 1260 865; x_wconf 84' lang='lat' dir='ltr'><strong>predictis</strong></span> 
     </span>
     <span class='ocr_line' id='line_1_5' title="bbox 153 884 1260 971; baseline 0.002 -25"><span class='ocrx_word' id='word_1_28' title='bbox 153 884 337 949; x_wconf 92' lang='lat' dir='ltr'>rectoribus</span> <span class='ocrx_word' id='word_1_29' title='bbox 352 891 386 948; x_wconf 87' lang='lat' dir='ltr'>et</span> <span class='ocrx_word' id='word_1_30' title='bbox 402 885 525 949; x_wconf 88' lang='lat' dir='ltr'>vicario</span> <span class='ocrx_word' id='word_1_31' title='bbox 539 892 700 948; x_wconf 87' lang='lat' dir='ltr'>eteorum</span> <span class='ocrx_word' id='word_1_32' title='bbox 713 886 959 949; x_wconf 90' lang='lat' dir='ltr'>successoribus</span> <span class='ocrx_word' id='word_1_33' title='bbox 972 885 1260 971; x_wconf 81' lang='lat' dir='ltr'>suturistempori-</span> 
     </span>
     <span class='ocr_line' id='line_1_6' title="bbox 154 989 1260 1074; baseline 0.002 -22"><span class='ocrx_word' id='word_1_34' title='bbox 154 989 216 1052; x_wconf 89' lang='lat' dir='ltr'>bus</span> <span class='ocrx_word' id='word_1_35' title='bbox 239 989 395 1054; x_wconf 88' lang='lat' dir='ltr'>euenient</span> <span class='ocrx_word' id='word_1_36' title='bbox 421 1009 482 1073; x_wconf 90' lang='lat' dir='ltr'>pro</span> <span class='ocrx_word' id='word_1_37' title='bbox 509 989 665 1054; x_wconf 89' lang='lat' dir='ltr'>domibus</span> <span class='ocrx_word' id='word_1_38' title='bbox 696 999 730 1054; x_wconf 91' lang='lat' dir='ltr'>et</span> <span class='ocrx_word' id='word_1_39' title='bbox 760 990 833 1055; x_wconf 90' lang='lat' dir='ltr'>solo</span> <span class='ocrx_word' id='word_1_40' title='bbox 857 1010 917 1074; x_wconf 91' lang='lat' dir='ltr'>per</span> <span class='ocrx_word' id='word_1_41' title='bbox 946 991 1114 1074; x_wconf 90' lang='lat' dir='ltr'>predictos</span> <span class='ocrx_word' id='word_1_42' title='bbox 1144 991 1260 1056; x_wconf 82' lang='lat' dir='ltr'>fratres</span> 
     </span>
     <span class='ocr_line' id='line_1_7' title="bbox 153 1093 1260 1181; baseline 0.003 -24"><span class='ocrx_word' id='word_1_43' title='bbox 153 1093 333 1157; x_wconf 86' lang='lat' dir='ltr'>heremitas</span> <span class='ocrx_word' id='word_1_44' title='bbox 356 1093 389 1157; x_wconf 92' lang='lat' dir='ltr'>in</span> <span class='ocrx_word' id='word_1_45' title='bbox 414 1095 598 1178; x_wconf 87' lang='lat' dir='ltr'>presencia¹</span> <span class='ocrx_word' id='word_1_46' title='bbox 622 1094 757 1159; x_wconf 91' lang='lat' dir='ltr'>inclusis</span> <span class='ocrx_word' id='word_1_47' title='bbox 780 1103 814 1158; x_wconf 93' lang='lat' dir='ltr'>et</span> <span class='ocrx_word' id='word_1_48' title='bbox 838 1094 1035 1161; x_wconf 89' lang='lat' dir='ltr'>inhabitatis</span> <span class='ocrx_word' id='word_1_49' title='bbox 1057 1095 1143 1160; x_wconf 87' lang='lat' dir='ltr'>infra</span> <span class='ocrx_word' id='word_1_50' title='bbox 1165 1116 1260 1181; x_wconf 88' lang='lat' dir='ltr'>paro·</span> 
     </span>
     <span class='ocr_line' id='line_1_8' title="bbox 145 1197 1262 1283; baseline 0.004 -21"><span class='ocrx_word' id='word_1_51' title='bbox 145 1197 264 1263; x_wconf 86' lang='lat' dir='ltr'>chiam</span> <span class='ocrx_word' id='word_1_52' title='bbox 284 1199 399 1265; x_wconf 87' lang='lat' dir='ltr'>Sancti</span> <span class='ocrx_word' id='word_1_53' title='bbox 422 1200 578 1264; x_wconf 88' lang='lat' dir='ltr'>Edwardi</span> <span class='ocrx_word' id='word_1_54' title='bbox 595 1200 627 1263; x_wconf 95' lang='lat' dir='ltr'>in</span> <span class='ocrx_word' id='word_1_55' title='bbox 644 1200 765 1283; x_wconf 92' lang='lat' dir='ltr'>quibus</span> <span class='ocrx_word' id='word_1_56' title='bbox 782 1199 974 1282; x_wconf 89' lang='lat' dir='ltr'>parochiani</span> <span class='ocrx_word' id='word_1_57' title='bbox 991 1210 1090 1266; x_wconf 90' lang='lat' dir='ltr'>antea</span> <span class='ocrx_word' id='word_1_58' title='bbox 1110 1202 1262 1267; x_wconf 87' lang='lat' dir='ltr'>habitare</span> 
     </span>
     <span class='ocr_line' id='line_1_9' title="bbox 154 1304 1263 1390; baseline 0.004 -24"><span class='ocrx_word' id='word_1_59' title='bbox 154 1304 307 1368; x_wconf 90' lang='lat' dir='ltr'>solebant</span> <span class='ocrx_word' id='word_1_60' title='bbox 323 1325 362 1369; x_wconf 88' lang='lat' dir='ltr'>ac</span> <span class='ocrx_word' id='word_1_61' title='bbox 377 1305 487 1369; x_wconf 91' lang='lat' dir='ltr'>eidem</span> <span class='ocrx_word' id='word_1_62' title='bbox 503 1305 642 1370; x_wconf 87' lang='lat' dir='ltr'>ecclesie</span> <span class='ocrx_word' id='word_1_63' title='bbox 657 1305 850 1369; x_wconf 88' lang='lat' dir='ltr'>oblaciones</span> <span class='ocrx_word' id='word_1_64' title='bbox 864 1315 899 1368; x_wconf 91' lang='lat' dir='ltr'>et</span> <span class='ocrx_word' id='word_1_65' title='bbox 911 1305 1059 1370; x_wconf 89' lang='lat' dir='ltr'>decimas</span> <span class='ocrx_word' id='word_1_66' title='bbox 1070 1307 1263 1390; x_wconf 86' lang='lat' dir='ltr'>personales</span> 
     </span>
     <span class='ocr_line' id='line_1_10' title="bbox 154 1409 1262 1495; baseline 0.003 -23"><span class='ocrx_word' id='word_1_67' title='bbox 154 1409 285 1473; x_wconf 89' lang='lat' dir='ltr'>soluere</span> <span class='ocrx_word' id='word_1_68' title='bbox 307 1419 340 1474; x_wconf 89' lang='lat' dir='ltr'>et</span> <span class='ocrx_word' id='word_1_69' title='bbox 364 1410 478 1488; x_wconf 88' lang='lat' dir='ltr'>reales,</span> <span class='ocrx_word' id='word_1_70' title='bbox 500 1431 521 1474; x_wconf 90' lang='lat' dir='ltr'>a</span> <span class='ocrx_word' id='word_1_71' title='bbox 544 1411 664 1493; x_wconf 90' lang='lat' dir='ltr'>quibus</span> <span class='ocrx_word' id='word_1_72' title='bbox 688 1410 844 1474; x_wconf 93' lang='lat' dir='ltr'>omnibus</span> <span class='ocrx_word' id='word_1_73' title='bbox 865 1409 982 1474; x_wconf 83' lang='lat' dir='ltr'>iratres</span> <span class='ocrx_word' id='word_1_74' title='bbox 1005 1411 1166 1476; x_wconf 86' lang='lat' dir='ltr'>heremite</span> <span class='ocrx_word' id='word_1_75' title='bbox 1189 1432 1262 1495; x_wconf 89' lang='lat' dir='ltr'>pre-</span> 
     </span>
     <span class='ocr_line' id='line_1_11' title="bbox 154 1513 1262 1597; baseline 0.001 -20"><span class='ocrx_word' id='word_1_76' title='bbox 154 1513 236 1577; x_wconf 87' lang='lat' dir='ltr'>dicti</span> <span class='ocrx_word' id='word_1_77' title='bbox 257 1533 292 1578; x_wconf 92' lang='lat' dir='ltr'>se</span> <span class='ocrx_word' id='word_1_78' title='bbox 313 1522 466 1577; x_wconf 90' lang='lat' dir='ltr'>asserunt</span> <span class='ocrx_word' id='word_1_79' title='bbox 489 1533 549 1595; x_wconf 90' lang='lat' dir='ltr'>per</span> <span class='ocrx_word' id='word_1_80' title='bbox 573 1513 785 1596; x_wconf 87' lang='lat' dir='ltr'>priuilegium</span> <span class='ocrx_word' id='word_1_81' title='bbox 812 1513 901 1576; x_wconf 89' lang='lat' dir='ltr'>sedis</span> <span class='ocrx_word' id='word_1_82' title='bbox 922 1513 1105 1596; x_wconf 91' lang='lat' dir='ltr'>apostolice</span> <span class='ocrx_word' id='word_1_83' title='bbox 1128 1535 1262 1597; x_wconf 91' lang='lat' dir='ltr'>prorsus</span> 
     </span>
     <span class='ocr_line' id='line_1_12' title="bbox 156 1617 1262 1700; baseline 0.003 -19"><span class='ocrx_word' id='word_1_84' title='bbox 156 1619 330 1696; x_wconf 91' lang='lat' dir='ltr'>immunes,</span> <span class='ocrx_word' id='word_1_85' title='bbox 356 1617 489 1681; x_wconf 78' lang='lat' dir='ltr'>soluerit</span> <span class='ocrx_word' id='word_1_86' title='bbox 515 1617 657 1698; x_wconf 90' lang='lat' dir='ltr'>predicti</span> <span class='ocrx_word' id='word_1_87' title='bbox 686 1618 780 1680; x_wconf 92' lang='lat' dir='ltr'>Prior</span> <span class='ocrx_word' id='word_1_88' title='bbox 804 1617 866 1700; x_wconf 93' lang='lat' dir='ltr'>[et]</span> <span class='ocrx_word' id='word_1_89' title='bbox 894 1617 1012 1681; x_wconf 87' lang='lat' dir='ltr'>fratres</span> <span class='ocrx_word' id='word_1_90' title='bbox 1037 1618 1198 1685; x_wconf 90' lang='lat' dir='ltr'>heremite</span> <span class='ocrx_word' id='word_1_91' title='bbox 1229 1630 1262 1684; x_wconf 91' lang='lat' dir='ltr'>et</span> 
     </span>
     <span class='ocr_line' id='line_1_13' title="bbox 154 1721 1264 1805; baseline 0.003 -19"><span class='ocrx_word' id='word_1_92' title='bbox 154 1743 270 1786; x_wconf 92' lang='lat' dir='ltr'>eorum</span> <span class='ocrx_word' id='word_1_93' title='bbox 286 1741 491 1786; x_wconf 89' lang='lat' dir='ltr'>successores</span> <span class='ocrx_word' id='word_1_94' title='bbox 503 1721 640 1805; x_wconf 87' lang='lat' dir='ltr'>prelatis</span> <span class='ocrx_word' id='word_1_95' title='bbox 654 1723 756 1786; x_wconf 91' lang='lat' dir='ltr'>Priori</span> <span class='ocrx_word' id='word_1_96' title='bbox 769 1732 803 1786; x_wconf 93' lang='lat' dir='ltr'>et</span> <span class='ocrx_word' id='word_1_97' title='bbox 814 1723 996 1787; x_wconf 90' lang='lat' dir='ltr'>conuentui</span> <span class='ocrx_word' id='word_1_98' title='bbox 1006 1724 1049 1787; x_wconf 89' lang='lat' dir='ltr'>de</span> <span class='ocrx_word' id='word_1_99' title='bbox 1062 1725 1264 1789; x_wconf 89' lang='lat' dir='ltr'>Bernewelle</span> 
     </span>
     <span class='ocr_line' id='line_1_14' title="bbox 155 1825 1262 1910; baseline 0.003 -19"><span class='ocrx_word' id='word_1_100' title='bbox 155 1837 189 1891; x_wconf 87' lang='lat' dir='ltr'>et</span> <span class='ocrx_word' id='word_1_101' title='bbox 205 1846 319 1891; x_wconf 90' lang='lat' dir='ltr'>eorum</span> <span class='ocrx_word' id='word_1_102' title='bbox 336 1826 459 1891; x_wconf 89' lang='lat' dir='ltr'>vicario</span> <span class='ocrx_word' id='word_1_103' title='bbox 475 1826 612 1891; x_wconf 91' lang='lat' dir='ltr'>ecclesie</span> <span class='ocrx_word' id='word_1_104' title='bbox 628 1825 745 1891; x_wconf 87' lang='lat' dir='ltr'>Sancti</span> <span class='ocrx_word' id='word_1_105' title='bbox 763 1827 942 1891; x_wconf 89' lang='lat' dir='ltr'>Eadwardi</span> <span class='ocrx_word' id='word_1_106' title='bbox 957 1828 1099 1910; x_wconf 84' lang='lat' dir='ltr'>singulis</span> <span class='ocrx_word' id='word_1_107' title='bbox 1114 1831 1211 1894; x_wconf 89' lang='lat' dir='ltr'>annis</span> <span class='ocrx_word' id='word_1_108' title='bbox 1230 1831 1262 1894; x_wconf 93' lang='lat' dir='ltr'>in</span> 
     </span>
     <span class='ocr_line' id='line_1_15' title="bbox 154 1931 1264 2016; baseline 0.003 -20"><span class='ocrx_word' id='word_1_109' title='bbox 154 1941 352 2016; x_wconf 89' lang='lat' dir='ltr'>perpetuum</span> <span class='ocrx_word' id='word_1_110' title='bbox 368 1941 511 2014; x_wconf 88' lang='lat' dir='ltr'>quatuor</span> <span class='ocrx_word' id='word_1_111' title='bbox 525 1931 649 1994; x_wconf 90' lang='lat' dir='ltr'>solidos</span> <span class='ocrx_word' id='word_1_112' title='bbox 665 1931 708 1994; x_wconf 90' lang='lat' dir='ltr'>ad</span> <span class='ocrx_word' id='word_1_113' title='bbox 725 1932 810 1995; x_wconf 92' lang='lat' dir='ltr'>duos</span> <span class='ocrx_word' id='word_1_114' title='bbox 825 1933 987 1996; x_wconf 91' lang='lat' dir='ltr'>terminos</span> <span class='ocrx_word' id='word_1_115' title='bbox 1002 1933 1091 2010; x_wconf 90' lang='lat' dir='ltr'>anni,</span> <span class='ocrx_word' id='word_1_116' title='bbox 1105 1934 1264 1999; x_wconf 88' lang='lat' dir='ltr'>videlicet</span> 
     </span>
     <span class='ocr_line' id='line_1_16' title="bbox 155 2035 1263 2103; baseline 0.001 -3"><span class='ocrx_word' id='word_1_117' title='bbox 155 2037 210 2100; x_wconf 91' lang='lat' dir='ltr'>die</span> <span class='ocrx_word' id='word_1_118' title='bbox 241 2035 439 2099; x_wconf 89' lang='lat' dir='ltr'>Natiuitatis</span> <span class='ocrx_word' id='word_1_119' title='bbox 468 2035 597 2099; x_wconf 93' lang='lat' dir='ltr'>domini</span> <span class='ocrx_word' id='word_1_120' title='bbox 626 2035 712 2099; x_wconf 88' lang='lat' dir='ltr'>duos</span> <span class='ocrx_word' id='word_1_121' title='bbox 748 2035 873 2099; x_wconf 92' lang='lat' dir='ltr'>solidos</span> <span class='ocrx_word' id='word_1_122' title='bbox 903 2036 936 2098; x_wconf 95' lang='lat' dir='ltr'>in</span> <span class='ocrx_word' id='word_1_123' title='bbox 972 2037 1111 2101; x_wconf 90' lang='lat' dir='ltr'>ecclesia</span> <span class='ocrx_word' id='word_1_124' title='bbox 1147 2037 1263 2103; x_wconf 87' lang='lat' dir='ltr'>Sancti</span> 
     </span>
     <span class='ocr_line' id='line_1_17' title="bbox 157 2137 1264 2226; baseline 0.004 -23"><span class='ocrx_word' id='word_1_125' title='bbox 157 2137 346 2217; x_wconf 88' lang='lat' dir='ltr'>Eadwardi,</span> <span class='ocrx_word' id='word_1_126' title='bbox 370 2149 404 2203; x_wconf 90' lang='lat' dir='ltr'>et</span> <span class='ocrx_word' id='word_1_127' title='bbox 427 2140 482 2203; x_wconf 92' lang='lat' dir='ltr'>die</span> <span class='ocrx_word' id='word_1_128' title='bbox 507 2139 633 2204; x_wconf 90' lang='lat' dir='ltr'>Pasche</span> <span class='ocrx_word' id='word_1_129' title='bbox 656 2140 741 2203; x_wconf 92' lang='lat' dir='ltr'>duos</span> <span class='ocrx_word' id='word_1_130' title='bbox 766 2141 891 2204; x_wconf 91' lang='lat' dir='ltr'>solidos</span> <span class='ocrx_word' id='word_1_131' title='bbox 919 2139 981 2226; x_wconf 91' lang='lat' dir='ltr'>[in]</span> <span class='ocrx_word' id='word_1_132' title='bbox 1006 2141 1079 2205; x_wconf 92' lang='lat' dir='ltr'>loco</span> <span class='ocrx_word' id='word_1_133' title='bbox 1105 2142 1264 2225; x_wconf 88' lang='lat' dir='ltr'>predicto.</span> 
     </span>
     <span class='ocr_line' id='line_1_18' title="bbox 158 2242 1264 2330; baseline 0.004 -24"><span class='ocrx_word' id='word_1_134' title='bbox 158 2242 203 2308; x_wconf 91' lang='lat' dir='ltr'>Et</span> <span class='ocrx_word' id='word_1_135' title='bbox 219 2243 246 2306; x_wconf 92' lang='lat' dir='ltr'>si</span> <span class='ocrx_word' id='word_1_136' title='bbox 263 2243 296 2307; x_wconf 93' lang='lat' dir='ltr'>in</span> <span class='ocrx_word' id='word_1_137' title='bbox 312 2245 464 2326; x_wconf 86' lang='lat' dir='ltr'>predicta</span> <span class='ocrx_word' id='word_1_138' title='bbox 479 2243 650 2307; x_wconf 91' lang='lat' dir='ltr'>solucione</span> <span class='ocrx_word' id='word_1_139' title='bbox 666 2243 764 2307; x_wconf 91' lang='lat' dir='ltr'>dictis</span> <span class='ocrx_word' id='word_1_140' title='bbox 779 2245 834 2308; x_wconf 91' lang='lat' dir='ltr'>die</span> <span class='ocrx_word' id='word_1_141' title='bbox 850 2253 884 2308; x_wconf 88' lang='lat' dir='ltr'>et</span> <span class='ocrx_word' id='word_1_142' title='bbox 900 2244 974 2309; x_wconf 91' lang='lat' dir='ltr'>loco</span> <span class='ocrx_word' id='word_1_143' title='bbox 990 2245 1264 2330; x_wconf 87' lang='lat' dir='ltr'>qualitercunque</span> 
     </span>
     <span class='ocr_line' id='line_1_19' title="bbox 157 2347 1265 2431; baseline 0.002 -19"><span class='ocrx_word' id='word_1_144' title='bbox 157 2349 360 2412; x_wconf 89' lang='lat' dir='ltr'>cessauerint</span> <span class='ocrx_word' id='word_1_145' title='bbox 383 2348 500 2412; x_wconf 92' lang='lat' dir='ltr'>volunt</span> <span class='ocrx_word' id='word_1_146' title='bbox 524 2355 559 2412; x_wconf 87' lang='lat' dir='ltr'>et</span> <span class='ocrx_word' id='word_1_147' title='bbox 584 2360 703 2430; x_wconf 93' lang='lat' dir='ltr'>sponte</span> <span class='ocrx_word' id='word_1_148' title='bbox 730 2347 918 2412; x_wconf 89' lang='lat' dir='ltr'>concedunt</span> <span class='ocrx_word' id='word_1_149' title='bbox 943 2349 1083 2431; x_wconf 86' lang='lat' dir='ltr'>predicti</span> <span class='ocrx_word' id='word_1_150' title='bbox 1113 2350 1205 2414; x_wconf 92' lang='lat' dir='ltr'>Prior</span> <span class='ocrx_word' id='word_1_151' title='bbox 1230 2359 1265 2414; x_wconf 90' lang='lat' dir='ltr'>et</span> 
     </span>
     <span class='ocr_line' id='line_1_20' title="bbox 158 2453 1264 2538; baseline 0.002 -21"><span class='ocrx_word' id='word_1_152' title='bbox 158 2453 275 2519; x_wconf 89' lang='lat' dir='ltr'>fratres</span> <span class='ocrx_word' id='word_1_153' title='bbox 290 2454 451 2518; x_wconf 91' lang='lat' dir='ltr'>heremite</span> <span class='ocrx_word' id='word_1_154' title='bbox 470 2453 561 2537; x_wconf 92' lang='lat' dir='ltr'>quod</span> <span class='ocrx_word' id='word_1_155' title='bbox 579 2454 735 2536; x_wconf 90' lang='lat' dir='ltr'>Elyensis</span> <span class='ocrx_word' id='word_1_156' title='bbox 756 2455 933 2536; x_wconf 88' lang='lat' dir='ltr'>episcopus</span> <span class='ocrx_word' id='word_1_157' title='bbox 954 2455 1010 2536; x_wconf 93' lang='lat' dir='ltr'>qui</span> <span class='ocrx_word' id='word_1_158' title='bbox 1032 2475 1093 2536; x_wconf 92' lang='lat' dir='ltr'>pro</span> <span class='ocrx_word' id='word_1_159' title='bbox 1113 2465 1264 2538; x_wconf 89' lang='lat' dir='ltr'>tempore</span> 
     </span>
     <span class='ocr_line' id='line_1_21' title="bbox 158 2556 1265 2642; baseline 0 -20"><span class='ocrx_word' id='word_1_160' title='bbox 158 2558 256 2623; x_wconf 86' lang='lat' dir='ltr'>fuerit</span> <span class='ocrx_word' id='word_1_161' title='bbox 271 2569 305 2623; x_wconf 92' lang='lat' dir='ltr'>et</span> <span class='ocrx_word' id='word_1_162' title='bbox 321 2579 400 2622; x_wconf 92' lang='lat' dir='ltr'>suus</span> <span class='ocrx_word' id='word_1_163' title='bbox 415 2556 566 2622; x_wconf 88' lang='lat' dir='ltr'>officialis</span> <span class='ocrx_word' id='word_1_164' title='bbox 582 2558 635 2622; x_wconf 90' lang='lat' dir='ltr'>uel</span> <span class='ocrx_word' id='word_1_165' title='bbox 651 2579 765 2622; x_wconf 88' lang='lat' dir='ltr'>eorum</span> <span class='ocrx_word' id='word_1_166' title='bbox 782 2558 867 2622; x_wconf 88' lang='lat' dir='ltr'>alter</span> <span class='ocrx_word' id='word_1_167' title='bbox 878 2578 934 2621; x_wconf 92' lang='lat' dir='ltr'>eos</span> <span class='ocrx_word' id='word_1_168' title='bbox 947 2559 1052 2640; x_wconf 91' lang='lat' dir='ltr'>possit</span> <span class='ocrx_word' id='word_1_169' title='bbox 1064 2559 1265 2642; x_wconf 89' lang='lat' dir='ltr'>compellere</span> 
     </span>
     <span class='ocr_line' id='line_1_22' title="bbox 158 2663 1265 2748; baseline -0.002 -20"><span class='ocrx_word' id='word_1_170' title='bbox 158 2685 217 2748; x_wconf 89' lang='lat' dir='ltr'>per</span> <span class='ocrx_word' id='word_1_171' title='bbox 238 2663 600 2728; x_wconf 90' lang='lat' dir='ltr'>excommunicacionis</span> <span class='ocrx_word' id='word_1_172' title='bbox 620 2665 826 2728; x_wconf 89' lang='lat' dir='ltr'>sentenciam</span> <span class='ocrx_word' id='word_1_173' title='bbox 848 2664 891 2727; x_wconf 92' lang='lat' dir='ltr'>de</span> <span class='ocrx_word' id='word_1_174' title='bbox 913 2663 1015 2747; x_wconf 90' lang='lat' dir='ltr'>plano</span> <span class='ocrx_word' id='word_1_175' title='bbox 1038 2674 1071 2726; x_wconf 90' lang='lat' dir='ltr'>et</span> <span class='ocrx_word' id='word_1_176' title='bbox 1094 2665 1165 2728; x_wconf 90' lang='lat' dir='ltr'>sine</span> <span class='ocrx_word' id='word_1_177' title='bbox 1187 2665 1265 2727; x_wconf 89' lang='lat' dir='ltr'>iuris</span> 
     </span>
     <span class='ocr_line' id='line_1_23' title="bbox 158 2769 1265 2854; baseline -0.001 -20"><span class='ocrx_word' id='word_1_178' title='bbox 158 2770 406 2854; x_wconf 87' lang='lat' dir='ltr'>sollempnitate</span> <span class='ocrx_word' id='word_1_179' title='bbox 419 2771 451 2833; x_wconf 95' lang='lat' dir='ltr'>in</span> <span class='ocrx_word' id='word_1_180' title='bbox 465 2770 528 2833; x_wconf 94' lang='lat' dir='ltr'>loci</span> <span class='ocrx_word' id='word_1_181' title='bbox 543 2770 689 2834; x_wconf 88' lang='lat' dir='ltr'>Priorem</span> <span class='ocrx_word' id='word_1_182' title='bbox 702 2779 735 2833; x_wconf 92' lang='lat' dir='ltr'>et</span> <span class='ocrx_word' id='word_1_183' title='bbox 748 2779 995 2853; x_wconf 89' lang='lat' dir='ltr'>procuratorem</span> <span class='ocrx_word' id='word_1_184' title='bbox 1008 2769 1100 2832; x_wconf 90' lang='lat' dir='ltr'>nullo</span> <span class='ocrx_word' id='word_1_185' title='bbox 1109 2770 1265 2833; x_wconf 88' lang='lat' dir='ltr'>obstante</span> 
     </span>
     <span class='ocr_line' id='line_1_24' title="bbox 158 2873 1264 2959; baseline -0.002 -20"><span class='ocrx_word' id='word_1_186' title='bbox 158 2875 333 2959; x_wconf 86' lang='lat' dir='ltr'>priuilegio</span> <span class='ocrx_word' id='word_1_187' title='bbox 356 2875 403 2938; x_wconf 91' lang='lat' dir='ltr'>eis</span> <span class='ocrx_word' id='word_1_188' title='bbox 422 2874 565 2938; x_wconf 92' lang='lat' dir='ltr'>valituro</span> <span class='ocrx_word' id='word_1_189' title='bbox 586 2873 766 2950; x_wconf 88' lang='lat' dir='ltr'>ferendam,</span> <span class='ocrx_word' id='word_1_190' title='bbox 787 2873 894 2938; x_wconf 91' lang='lat' dir='ltr'>donec</span> <span class='ocrx_word' id='word_1_191' title='bbox 917 2875 960 2938; x_wconf 91' lang='lat' dir='ltr'>de</span> <span class='ocrx_word' id='word_1_192' title='bbox 984 2875 1141 2956; x_wconf 89' lang='lat' dir='ltr'>predictis</span> <span class='ocrx_word' id='word_1_193' title='bbox 1164 2894 1264 2938; x_wconf 91' lang='lat' dir='ltr'>censu</span> 
     </span>
     <span class='ocr_line' id='line_1_25' title="bbox 158 2977 1266 3063; baseline -0.002 -19"><span class='ocrx_word' id='word_1_194' title='bbox 158 2991 193 3045; x_wconf 91' lang='lat' dir='ltr'>et</span> <span class='ocrx_word' id='word_1_195' title='bbox 228 2980 385 3063; x_wconf 89' lang='lat' dir='ltr'>dampnis</span> <span class='ocrx_word' id='word_1_196' title='bbox 421 2978 666 3043; x_wconf 90' lang='lat' dir='ltr'>racionabiliter</span> <span class='ocrx_word' id='word_1_197' title='bbox 699 2978 910 3042; x_wconf 89' lang='lat' dir='ltr'>declarandis</span> <span class='ocrx_word' id='word_1_198' title='bbox 943 2977 1091 3041; x_wconf 90' lang='lat' dir='ltr'>eiusdem</span> <span class='ocrx_word' id='word_1_199' title='bbox 1128 2978 1266 3042; x_wconf 89' lang='lat' dir='ltr'>ecclesie</span> 
     </span>
     <span class='ocr_line' id='line_1_26' title="bbox 160 3083 1266 3152; baseline -0.003 -1"><span class='ocrx_word' id='word_1_200' title='bbox 160 3087 275 3152; x_wconf 90' lang='lat' dir='ltr'>Sancti</span> <span class='ocrx_word' id='word_1_201' title='bbox 307 3085 485 3148; x_wconf 87' lang='lat' dir='ltr'>Eadwardi</span> <span class='ocrx_word' id='word_1_202' title='bbox 516 3085 698 3148; x_wconf 91' lang='lat' dir='ltr'>rectoribus</span> <span class='ocrx_word' id='word_1_203' title='bbox 728 3094 763 3148; x_wconf 90' lang='lat' dir='ltr'>et</span> <span class='ocrx_word' id='word_1_204' title='bbox 792 3084 916 3147; x_wconf 89' lang='lat' dir='ltr'>vicario</span> <span class='ocrx_word' id='word_1_205' title='bbox 942 3083 1149 3148; x_wconf 88' lang='lat' dir='ltr'>satisfaciant</span> <span class='ocrx_word' id='word_1_206' title='bbox 1176 3104 1266 3148; x_wconf 91' lang='lat' dir='ltr'>com·</span> 
     </span>
     <span class='ocr_line' id='line_1_27' title="bbox 158 3187 1266 3275; baseline -0.004 -20"><span class='ocrx_word' id='word_1_207' title='bbox 158 3201 318 3275; x_wconf 89' lang='lat' dir='ltr'>petenter.</span> <span class='ocrx_word' id='word_1_208' title='bbox 366 3190 411 3253; x_wconf 92' lang='lat' dir='ltr'>Et</span> <span class='ocrx_word' id='word_1_209' title='bbox 426 3189 453 3252; x_wconf 89' lang='lat' dir='ltr'>si</span> <span class='ocrx_word' id='word_1_210' title='bbox 470 3187 589 3271; x_wconf 87' lang='lat' dir='ltr'>prelati</span> <span class='ocrx_word' id='word_1_211' title='bbox 605 3187 723 3253; x_wconf 88' lang='lat' dir='ltr'>sratres</span> <span class='ocrx_word' id='word_1_212' title='bbox 738 3189 899 3252; x_wconf 90' lang='lat' dir='ltr'>heremite</span> <span class='ocrx_word' id='word_1_213' title='bbox 920 3188 1038 3252; x_wconf 89' lang='lat' dir='ltr'>luturis</span> <span class='ocrx_word' id='word_1_214' title='bbox 1059 3189 1266 3271; x_wconf 89' lang='lat' dir='ltr'>temporibus</span> 
     </span>
     <span class='ocr_line' id='line_1_28' title="bbox 158 3291 1265 3377; baseline -0.004 -17"><span class='ocrx_word' id='word_1_215' title='bbox 158 3295 406 3361; x_wconf 90' lang='lat' dir='ltr'>habitacionem</span> <span class='ocrx_word' id='word_1_216' title='bbox 422 3313 518 3358; x_wconf 89' lang='lat' dir='ltr'>suam</span> <span class='ocrx_word' id='word_1_217' title='bbox 535 3293 720 3377; x_wconf 92' lang='lat' dir='ltr'>predictam</span> <span class='ocrx_word' id='word_1_218' title='bbox 737 3293 769 3355; x_wconf 94' lang='lat' dir='ltr'>in</span> <span class='ocrx_word' id='word_1_219' title='bbox 787 3292 859 3356; x_wconf 91' lang='lat' dir='ltr'>solo</span> <span class='ocrx_word' id='word_1_220' title='bbox 876 3291 959 3356; x_wconf 88' lang='lat' dir='ltr'>inlra</span> <span class='ocrx_word' id='word_1_221' title='bbox 976 3291 1097 3356; x_wconf 91' lang='lat' dir='ltr'>limites</span> <span class='ocrx_word' id='word_1_222' title='bbox 1115 3291 1265 3356; x_wconf 90' lang='lat' dir='ltr'>eiusdem</span> 
     </span>
     <span class='ocr_line' id='line_1_29' title="bbox 158 3397 1265 3486; baseline -0.005 -19"><span class='ocrx_word' id='word_1_223' title='bbox 158 3402 315 3486; x_wconf 88' lang='lat' dir='ltr'>parochie</span> <span class='ocrx_word' id='word_1_224' title='bbox 340 3401 455 3468; x_wconf 89' lang='lat' dir='ltr'>Sancti</span> <span class='ocrx_word' id='word_1_225' title='bbox 480 3399 657 3464; x_wconf 86' lang='lat' dir='ltr'>Eadwardi</span> <span class='ocrx_word' id='word_1_226' title='bbox 681 3398 931 3482; x_wconf 78' lang='lat' dir='ltr'>ampliauerint²</span> <span class='ocrx_word' id='word_1_227' title='bbox 953 3397 1099 3480; x_wconf 88' lang='lat' dir='ltr'>prelatos</span> <span class='ocrx_word' id='word_1_228' title='bbox 1123 3406 1265 3462; x_wconf 89' lang='lat' dir='ltr'>rectores</span> 
     </span>
     <span class='ocr_line' id='line_1_30' title="bbox 158 3503 1265 3590; baseline -0.005 -18"><span class='ocrx_word' id='word_1_229' title='bbox 158 3517 193 3572; x_wconf 90' lang='lat' dir='ltr'>et</span> <span class='ocrx_word' id='word_1_230' title='bbox 207 3507 367 3571; x_wconf 85' lang='lat' dir='ltr'>vicariurn</span> <span class='ocrx_word' id='word_1_231' title='bbox 384 3527 445 3590; x_wconf 90' lang='lat' dir='ltr'>pro</span> <span class='ocrx_word' id='word_1_232' title='bbox 460 3504 649 3589; x_wconf 88' lang='lat' dir='ltr'>quantitate</span> <span class='ocrx_word' id='word_1_233' title='bbox 661 3504 892 3587; x_wconf 88' lang='lat' dir='ltr'>ampliacionis</span> <span class='ocrx_word' id='word_1_234' title='bbox 904 3503 1095 3568; x_wconf 87' lang='lat' dir='ltr'>huiusmodi</span> <span class='ocrx_word' id='word_1_235' title='bbox 1108 3504 1140 3567; x_wconf 89' lang='lat' dir='ltr'>in</span> <span class='ocrx_word' id='word_1_236' title='bbox 1153 3523 1265 3567; x_wconf 90' lang='lat' dir='ltr'>annuo</span> 
     </span>
     <span class='ocr_line' id='line_1_31' title="bbox 158 3607 1265 3697; baseline -0.005 -19"><span class='ocrx_word' id='word_1_237' title='bbox 158 3633 259 3678; x_wconf 91' lang='lat' dir='ltr'>censu</span> <span class='ocrx_word' id='word_1_238' title='bbox 276 3633 337 3697; x_wconf 92' lang='lat' dir='ltr'>pro</span> <span class='ocrx_word' id='word_1_239' title='bbox 353 3612 508 3694; x_wconf 90' lang='lat' dir='ltr'>dampnis</span> <span class='ocrx_word' id='word_1_240' title='bbox 524 3611 592 3673; x_wconf 91' lang='lat' dir='ltr'>suis</span> <span class='ocrx_word' id='word_1_241' title='bbox 613 3609 790 3692; x_wconf 90' lang='lat' dir='ltr'>respicient</span> <span class='ocrx_word' id='word_1_242' title='bbox 810 3619 844 3674; x_wconf 89' lang='lat' dir='ltr'>et</span> <span class='ocrx_word' id='word_1_243' title='bbox 864 3608 907 3673; x_wconf 90' lang='lat' dir='ltr'>ad</span> <span class='ocrx_word' id='word_1_244' title='bbox 928 3609 991 3672; x_wconf 89' lang='lat' dir='ltr'>hoc</span> <span class='ocrx_word' id='word_1_245' title='bbox 1012 3628 1049 3672; x_wconf 89' lang='lat' dir='ltr'>se</span> <span class='ocrx_word' id='word_1_246' title='bbox 1068 3607 1265 3691; x_wconf 85' lang='lat' dir='ltr'>obligabunt</span> 
     </span>
     <span class='ocr_line' id='line_1_32' title="bbox 158 3713 1264 3800; baseline -0.005 -19"><span class='ocrx_word' id='word_1_247' title='bbox 158 3718 222 3781; x_wconf 94' lang='lat' dir='ltr'>sub</span> <span class='ocrx_word' id='word_1_248' title='bbox 244 3733 332 3800; x_wconf 82' lang='lat' dir='ltr'>pena</span> <span class='ocrx_word' id='word_1_249' title='bbox 354 3726 389 3780; x_wconf 92' lang='lat' dir='ltr'>et</span> <span class='ocrx_word' id='word_1_250' title='bbox 412 3715 518 3779; x_wconf 88' lang='lat' dir='ltr'>forma</span> <span class='ocrx_word' id='word_1_251' title='bbox 541 3713 700 3797; x_wconf 89' lang='lat' dir='ltr'>predictis</span> <span class='ocrx_word' id='word_1_252' title='bbox 723 3715 825 3778; x_wconf 89' lang='lat' dir='ltr'>saluis</span> <span class='ocrx_word' id='word_1_253' title='bbox 849 3715 897 3777; x_wconf 92' lang='lat' dir='ltr'>eis</span> <span class='ocrx_word' id='word_1_254' title='bbox 923 3714 990 3776; x_wconf 93' lang='lat' dir='ltr'>suis</span> <span class='ocrx_word' id='word_1_255' title='bbox 1021 3713 1205 3796; x_wconf 81' lang='lat' dir='ltr'>priuilegijs</span> <span class='ocrx_word' id='word_1_256' title='bbox 1231 3714 1264 3776; x_wconf 95' lang='lat' dir='ltr'>in</span> 
     </span>
     <span class='ocr_line' id='line_1_33' title="bbox 158 3820 1264 3904; baseline -0.003 -20"><span class='ocrx_word' id='word_1_257' title='bbox 158 3822 316 3886; x_wconf 91' lang='lat' dir='ltr'>omnibus</span> <span class='ocrx_word' id='word_1_258' title='bbox 336 3821 420 3904; x_wconf 90' lang='lat' dir='ltr'>alijs,</span> <span class='ocrx_word' id='word_1_259' title='bbox 440 3820 505 3903; x_wconf 90' lang='lat' dir='ltr'>hijs</span> <span class='ocrx_word' id='word_1_260' title='bbox 526 3821 708 3884; x_wconf 90' lang='lat' dir='ltr'>dumtaxat</span> <span class='ocrx_word' id='word_1_261' title='bbox 728 3820 882 3903; x_wconf 89' lang='lat' dir='ltr'>exceptis</span> <span class='ocrx_word' id='word_1_262' title='bbox 904 3839 971 3901; x_wconf 89' lang='lat' dir='ltr'>que</span> <span class='ocrx_word' id='word_1_263' title='bbox 995 3820 1207 3884; x_wconf 88' lang='lat' dir='ltr'>continentur</span> <span class='ocrx_word' id='word_1_264' title='bbox 1231 3820 1264 3882; x_wconf 91' lang='lat' dir='ltr'>in</span> 
     </span>
     <span class='ocr_line' id='line_1_34' title="bbox 159 3923 1264 4009; baseline -0.005 -18"><span class='ocrx_word' id='word_1_265' title='bbox 159 3925 406 4009; x_wconf 89' lang='lat' dir='ltr'>composicione</span> <span class='ocrx_word' id='word_1_266' title='bbox 444 3924 590 4007; x_wconf 92' lang='lat' dir='ltr'>presenti</span> <span class='ocrx_word' id='word_1_267' title='bbox 628 3943 728 4006; x_wconf 90' lang='lat' dir='ltr'>super</span> <span class='ocrx_word' id='word_1_268' title='bbox 764 3924 837 3988; x_wconf 92' lang='lat' dir='ltr'>solo</span> <span class='ocrx_word' id='word_1_269' title='bbox 875 3923 991 3988; x_wconf 91' lang='lat' dir='ltr'>habito</span> <span class='ocrx_word' id='word_1_270' title='bbox 1030 3934 1064 3986; x_wconf 92' lang='lat' dir='ltr'>et</span> <span class='ocrx_word' id='word_1_271' title='bbox 1100 3923 1264 3987; x_wconf 89' lang='lat' dir='ltr'>habendo.</span> 
     </span>
     <span class='ocr_line' id='line_1_35' title="bbox 161 4028 1360 4115; baseline -0.007 -17"><span class='ocrx_word' id='word_1_272' title='bbox 161 4033 328 4098; x_wconf 92' lang='lat' dir='ltr'>Conuenit</span> <span class='ocrx_word' id='word_1_273' title='bbox 349 4032 455 4095; x_wconf 89' lang='lat' dir='ltr'>eciam</span> <span class='ocrx_word' id='word_1_274' title='bbox 476 4030 566 4115; x_wconf 92' lang='lat' dir='ltr'>quod</span> <span class='ocrx_word' id='word_1_275' title='bbox 591 4028 731 4113; x_wconf 93' lang='lat' dir='ltr'>predicti</span> <span class='ocrx_word' id='word_1_276' title='bbox 755 4029 871 4093; x_wconf 84' lang='lat' dir='ltr'>fratres</span> <span class='ocrx_word' id='word_1_277' title='bbox 892 4029 1053 4093; x_wconf 89' lang='lat' dir='ltr'>heremite</span> <span class='ocrx_word' id='word_1_278' title='bbox 1073 4029 1201 4092; x_wconf 91' lang='lat' dir='ltr'>nullum</span> <span class='ocrx_word' id='word_1_279' title='bbox 1222 4029 1294 4094; x_wconf 82' lang='lat' dir='ltr'>der.</span> <span class='ocrx_word' id='word_1_280' title='bbox 1310 4041 1360 4094; x_wconf 77' lang='lat' dir='ltr'>arb</span> 
     </span>
     <span class='ocr_line' id='line_1_36' title="bbox 160 4133 1265 4220; baseline -0.005 -18"><span class='ocrx_word' id='word_1_281' title='bbox 160 4136 370 4220; x_wconf 87' lang='lat' dir='ltr'>parochianis</span> <span class='ocrx_word' id='word_1_282' title='bbox 407 4135 522 4200; x_wconf 89' lang='lat' dir='ltr'>Sancti</span> <span class='ocrx_word' id='word_1_283' title='bbox 555 4133 733 4198; x_wconf 88' lang='lat' dir='ltr'>Eadwardi</span> <span class='ocrx_word' id='word_1_284' title='bbox 769 4135 930 4218; x_wconf 85' lang='lat' dir='ltr'>recipient</span> <span class='ocrx_word' id='word_1_285' title='bbox 965 4136 1006 4198; x_wconf 89' lang='lat' dir='ltr'>ad</span> <span class='ocrx_word' id='word_1_286' title='bbox 1041 4134 1265 4198; x_wconf 88' lang='lat' dir='ltr'>ecclesiastica</span> 
     </span>
     <span class='ocr_line' id='line_1_37' title="bbox 159 4235 1263 4324; baseline -0.004 -17"><span class='ocrx_word' id='word_1_287' title='bbox 159 4251 368 4307; x_wconf 88' lang='lat' dir='ltr'>sacramenta</span> <span class='ocrx_word' id='word_1_288' title='bbox 389 4250 424 4305; x_wconf 88' lang='lat' dir='ltr'>et</span> <span class='ocrx_word' id='word_1_289' title='bbox 445 4235 560 4304; x_wconf 81' lang='lat' dir='ltr'>eorum</span> <span class='ocrx_word' id='word_1_290' title='bbox 584 4240 749 4304; x_wconf 89' lang='lat' dir='ltr'>seculares</span> <span class='ocrx_word' id='word_1_291' title='bbox 771 4241 952 4304; x_wconf 90' lang='lat' dir='ltr'>seruientes</span> <span class='ocrx_word' id='word_1_292' title='bbox 975 4243 1018 4304; x_wconf 88' lang='lat' dir='ltr'>ad</span> <span class='ocrx_word' id='word_1_293' title='bbox 1041 4239 1209 4324; x_wconf 85' lang='lat' dir='ltr'>stipendia</span> <span class='ocrx_word' id='word_1_294' title='bbox 1231 4240 1263 4303; x_wconf 96' lang='lat' dir='ltr'>in</span> 
     </span>
    </p>
   </div>
   <div class='ocr_carea' id='block_1_3' title="bbox 274 4447 1121 4515">
    <p class='ocr_par' dir='ltr' id='par_1_3' title="bbox 274 4447 1121 4515">
     <span class='ocr_line' id='line_1_38' title="bbox 274 4447 1121 4515; baseline -0.004 -15"><span class='ocrx_word' id='word_1_295' title='bbox 274 4449 282 4481; x_wconf 94' lang='lat'><strong>¹</strong></span> <span class='ocrx_word' id='word_1_296' title='bbox 299 4449 491 4515; x_wconf 85' lang='lat' dir='ltr'>presenciarum,</span> <span class='ocrx_word' id='word_1_297' title='bbox 506 4449 562 4502; x_wconf 87' lang='lat' dir='ltr'>MS.</span> <span class='ocrx_word' id='word_1_298' title='bbox 821 4448 832 4478; x_wconf 79' lang='lat'><strong>²</strong></span> <span class='ocrx_word' id='word_1_299' title='bbox 847 4448 1048 4515; x_wconf 67' lang='lat' dir='ltr'>ampliamini,</span> <span class='ocrx_word' id='word_1_300' title='bbox 1062 4447 1121 4498; x_wconf 87' lang='lat' dir='ltr'>MS.</span> 
     </span>
    </p>
   </div>
   <div class='ocr_carea' id='block_1_4' title="bbox 0 0 1608 5102">
    <p class='ocr_par' dir='ltr' id='par_1_4' title="bbox 0 0 1608 5102">
     <span class='ocr_line' id='line_1_39' title="bbox 0 0 1608 5102; baseline 0 0"><span class='ocrx_word' id='word_1_301' title='bbox 0 0 1608 5102; x_wconf 95' lang='lat' dir='ltr'> </span> 
     </span>
    </p>
   </div>
  </div>
 </body>
</html>
