3188 5078
136 361 214 466 vn]
497 367 534 440 T
529 377 661 442 enants
686 367 727 440 in
753 367 901 440 Barton
1174 386 1244 458 303

205 551 358 635 Rogerus
388 551 474 616 filius
504 551 668 636 Johannis
698 553 741 617 de
772 552 970 635 Wytewelle
999 560 1092 617 tenet
1118 560 1247 634 septem

136 673 232 720 acras
257 664 351 731 terre,
381 664 415 718 et
445 655 554 721 reddit
584 657 662 720 inde
692 676 751 740 per
780 677 905 721 annum
928 658 1078 740 quinque
1103 654 1247 720 solidos:

137 759 265 824 scilicet
276 759 453 826 adiectum
467 760 582 827 Sancti
596 761 770 825 Michaelis
785 770 820 825 et
835 763 877 826 ad
896 762 1024 826 Pascha
1040 781 1098 844 per
1112 759 1249 843 equales

137 865 336 948 porciones¹.

205 969 355 1034 Thomas
371 970 496 1034 Bretun
513 979 605 1034 tenet
621 969 688 1052 .xij.
705 991 798 1034 acras
813 979 907 1048 terre,
922 979 956 1034 et
971 970 1082 1034 reddit
1096 969 1175 1034 inde
1190 990 1250 1052 per

138 1094 266 1140 annum
297 1076 325 1158 .j.
349 1077 523 1140 denarium
547 1077 589 1139 ad
614 1074 734 1140 festum
760 1075 876 1141 Sancti
901 1075 1084 1152 Michaelis,
1107 1084 1141 1139 et
1164 1075 1250 1138 duas

138 1189 258 1257 sectas,
280 1190 314 1244 et
336 1181 532 1263 scutagium.

398 1284 539 1350 Summa
554 1283 707 1348 ,xxxviii
724 1283 821 1348 solidi
837 1283 892 1367 .xj.
909 1284 1052 1347 denarii¹
1066 1282 1119 1348 ob.
1134 1281 1249 1365 quadr.

211 1513 270 1578 Isti
286 1523 364 1578 sunt
380 1511 573 1595 custumarij
590 1512 633 1577 de
650 1513 811 1577 Bertone:

206 1669 346 1753 Agatha
367 1691 454 1734 vxor
477 1669 617 1737 Roberti
638 1671 751 1753 Jhoun
781 1680 874 1736 tenet
896 1673 951 1736 ix.
980 1692 1074 1736 acras
1096 1681 1189 1748 terre,
1216 1680 1250 1736 et

139 1775 251 1841 reddit
281 1776 359 1841 inde
388 1796 447 1859 per
476 1795 602 1841 annum
632 1776 685 1860 iij.
715 1776 860 1841 solidos:
898 1776 1024 1842 scilicet
1053 1777 1096 1842 ad
1128 1776 1251 1841 Natale

142 1881 281 1946 Domini
298 1881 365 1964 .xij.
388 1879 551 1958 denarios,
567 1881 610 1946 ad
627 1881 756 1947 Pascha
774 1881 841 1964 .xij.
860 1882 1023 1961 denarios,
1039 1884 1131 1947 etad
1154 1882 1249 1947 Nati-

141 1988 283 2052 uimtem
319 1987 436 2054 Sancti
471 1987 630 2052 Iohannis
666 1988 818 2070 Baptiste
851 1988 918 2070 .xij‚
952 1987 1125 2066 denarios;
1163 1998 1197 2052 et
1230 2010 1251 2052 a

141 2095 320 2159 natiuitate
358 2093 473 2160 Sancti
510 2093 675 2176 Johannis
713 2095 866 2179 Baptiste
903 2114 1007 2177 vsque
1043 2094 1087 2158 ad
1125 2093 1249 2159 Gulam

141 2199 289 2282 Augusti
311 2199 460 2281 qualibet
490 2198 678 2283 septimana
708 2207 775 2264 tres
805 2220 923 2282 operas
954 2199 1016 2263 nisi
1044 2198 1164 2263 lectum
1190 2198 1251 2262 im-

142 2301 291 2385 pedierit
337 2301 383 2364 Et
420 2311 505 2384 post,
542 2321 647 2385 vsque
684 2303 727 2366 ad
752 2303 887 2370 ¹festum
919 2301 1034 2368 Sancti
1067 2300 1250 2380 Michaelis,

140 2406 291 2490 qualibet
321 2410 509 2490 septimana
547 2416 613 2471 tres
651 2428 777 2490 operas,
808 2409 870 2471 nisi
902 2407 1023 2472 festum
1055 2406 1249 2490 impedierit.

144 2511 231 2575 ltem
247 2509 290 2574 ad
312 2510 453 2594 primam
478 2511 659 2594 precariam
682 2513 715 2575 in
737 2522 924 2596 autumpno
946 2521 1013 2576 tres
1034 2511 1186 2575 homines
1207 2510 1250 2576 ad

143 2614 255 2679 cibum
271 2614 398 2679 domini
417 2615 545 2680 Prioris.

210 2718 376 2783 Henricus
399 2719 488 2804 Toiy
510 2729 545 2785 et
562 2720 725 2785 Ricardus
742 2721 825 2784 Mile
847 2730 964 2785 tenent
979 2719 1034 2786 ix.
1049 2739 1143 2784 acras
1166 2729 1252 2784 terre

141 2833 176 2888 et
202 2822 285 2887 duas
309 2822 441 2900 croftas,
467 2833 501 2888 et
527 2823 671 2889 reddunt
697 2824 775 2888 inde
805 2845 864 2908 per
886 2844 1012 2888 annum
1043 2823 1096 2908 iij.
1126 2823 1251 2890 solidos

141 2938 176 2993 et
192 2929 246 2993 ix.
261 2927 435 2992 denarios:
458 2929 583 2993 scilicet
604 2930 646 2992 ad
667 2929 698 2992 N
701 2931 789 2994 atale
806 2930 943 2993 Domini
959 2950 1023 2994 .xv.
1039 2929 1202 3006 denarios,
1218 2940 1252 2994 et

142 3033 186 3098 ad
204 3033 332 3098 Pascha
345 3055 410 3098 .xv.
431 3034 594 3111 denarios,
608 3044 642 3099 et
658 3035 701 3098 ad
720 3035 940 3099 Natiuitatem
957 3035 1073 3100 Sancti
1088 3034 1252 3116 Johannis

143 3138 296 3222 Baptiste
332 3160 396 3202 .xv.
426 3139 600 3216 denarios;
638 3147 672 3202 et
709 3138 831 3203 facient
862 3160 883 3203 a
913 3139 1101 3203 Natiuitate
1135 3138 1251 3205 Sancti

142 3243 305 3326 Johannis
315 3242 467 3326 Baptiste
479 3243 628 3326 qualibet
639 3245 827 3326 septimana
836 3245 900 3326 iiij.
914 3264 1041 3327 operas,
1052 3244 1113 3308 nisi
1130 3243 1250 3308 festum

144 3347 341 3430 impedierit,
357 3367 462 3430 usque
476 3349 519 3411 ad
532 3347 655 3412 Gulam
669 3347 824 3431 Augusti.
864 3349 951 3412 Item
964 3369 985 3413 a
1000 3347 1088 3413 Guia
1104 3348 1250 3432 Augusti

143 3471 202 3536 per
216 3473 254 3516 .v.
277 3451 482 3534 septimanas
505 3453 681 3536 autumpni
698 3451 847 3535 qualibet
863 3453 1050 3536 septimana
1066 3453 1116 3537 .vj.
1133 3473 1250 3538 operas

143 3557 205 3620 nisi
222 3555 343 3620 festum
359 3555 556 3640 impedierit.
604 3557 690 3621 Item
709 3578 769 3639 per
783 3567 850 3622 tres
865 3557 1071 3641 septimanas
1087 3560 1249 3641 usquead

143 3661 263 3726 festum
282 3660 398 3726 Sancti
416 3661 590 3726 Michaelis
605 3661 754 3745 qualibet
769 3663 958 3746 septimana
972 3661 1037 3744 iiij.
1053 3683 1171 3746 operas
1187 3662 1250 3726 nisi

142 3765 264 3830 festum
278 3765 474 3848 impedierit.
515 3767 599 3831 Item
613 3767 656 3830 ad
668 3769 811 3851 primam
823 3767 1005 3849 precariam
1018 3766 1050 3830 in
1063 3777 1250 3850 autumpno

143 3869 313 3933 inuenient
328 3880 395 3934 tres
410 3870 563 3936 homines
578 3871 649 3936 sine
665 3871 748 3948 cibo,
760 3881 794 3935 et
809 3871 853 3934 ad
868 3869 1050 3934 secundam
1067 3871 1249 3954 precariam

142 3973 290 4056 quinque
305 3975 458 4039 homines
474 3976 516 4039 ad
533 3977 643 4039 cibum
663 3976 789 4040 Prioris.

209 4079 342 4143 Amicia
380 4102 465 4145 vxor
504 4081 661 4164 Hugonis
706 4079 764 4144 lilii
803 4079 954 4156 Gilberti‚
996 4079 1164 4143 Albricius
1208 4077 1251 4142 de
1262 4089 1280 4140 t.
1296 4089 1365 4153 1701]

144 4181 370 4267 Maddingele,
384 4193 419 4248 et
436 4184 603 4250 Henricus
619 4185 834 4267 Torcheneys
846 4193 963 4248 tenent
977 4184 1032 4248 ix.
1048 4203 1142 4247 acras
1157 4191 1251 4260 terre,

255 4449 263 4481 ¹
281 4467 328 4520 pro
338 4453 435 4518 equalis
446 4453 615 4519 porcionibus,
629 4453 686 4504 MS.
928 4449 939 4482 ⁹
954 4451 1080 4511 denarios,
1095 4449 1152 4501 MS.
