3188 5078
115 377 192 478 vu]
251 415 258 428 ·
443 377 481 450 T
475 387 606 450 enanis
633 377 673 449 z'n
700 375 902 450 Barnwell
1154 393 1227 466 319

175 565 220 620 De
233 562 351 620 domino
363 562 469 633 Egidio
482 562 518 618 de
531 562 718 632 Trumpitoue
730 571 759 617 et
772 579 823 632 pro
836 562 973 616 Grettoue
1126 629 1128 634 ι
1172 575 1229 612 .x.s.

175 654 319 707 Devxore
331 649 466 705 Willelmi
481 650 585 706 Heued
598 649 634 704 de
648 649 784 704 Herdwik
1157 645 1228 700 .xld.

176 740 221 793 De
233 754 318 792 vxore
330 739 354 808 J.
368 737 405 792 de
420 735 538 792 Ristone
550 735 579 790 in
594 737 740 791 Hokitone
1142 731 1229 800 .viij.s.

177 826 222 879 De
233 841 320 879 vxore
332 824 357 878 le
372 825 432 878 Rus
445 823 594 878 decadem
1062 820 1130 874 dim.
1144 835 1229 874 marc.

175 915 221 968 De
235 911 363 967 Galfrido
376 911 479 967 clerico
491 910 641 967 decadem
1076 909 1119 963 .xl.
1134 908 1230 962 denar.

176 1001 223 1055 De
234 1015 319 1054 uxore
333 999 443 1055 Mathei
456 998 493 1053 de
505 997 606 1055 eadem
1077 996 1120 1049 .xl.
1134 995 1230 1051 denar.

179 1089 225 1142 De
237 1095 400 1142 tenemento
413 1086 499 1157 Sprot
512 1086 541 1140 iu
555 1084 622 1139 Tost
1005 1081 1074 1152 .iij.s.
1088 1101 1121 1136 .x.
1135 1083 1230 1136 denar.

177 1179 225 1232 De
237 1177 330 1230 Alano
342 1175 380 1231 de
393 1177 491 1230 Bouns
504 1174 533 1229 in
547 1174 725 1243 Kingestone
1163 1169 1231 1240 .iij.s.

179 1267 224 1319 De
236 1263 399 1319 Alexandro
413 1263 513 1318 Rubeo
526 1262 563 1318 de
576 1261 760 1316 Eueresdone
1137 1257 1232 1328 ‚viij.a'.

179 1355 224 1410 De
237 1354 379 1424 Wynepol
1107 1346 1167 1401 noti.
1183 1347 1232 1400 sol.

180 1443 225 1496 De
237 1441 357 1495 Warlno
370 1439 517 1494 Merueille
529 1438 566 1493 de
581 1437 735 1492 Barintone
1101 1434 1155 1505 .xij.
1169 1435 1232 1488 den.

179 1529 225 1584 De
240 1529 363 1598 Hugone
378 1525 508 1580 Herberd
521 1527 557 1580 de
571 1524 758 1580 Meldebume
1091 1522 1139 1594 .iij.
1153 1523 1233 1578 solid.

180 1617 226 1671 De
240 1617 313 1682 Elya
326 1615 411 1670 Burel
425 1613 461 1668 de
474 1614 649 1684 Scheprethe
786 1609 788 1614 '
1102 1611 1156 1681 .xij.
1169 1611 1233 1666 den.

180 1701 227 1754 De
239 1698 412 1768 Wytlesford
1088 1715 1139 1750 .xx.
1154 1695 1234 1750 solid.

181 1791 226 1844 De
239 1798 325 1861 ponte
337 1789 373 1842 de
386 1787 487 1843 eadem
1050 1785 1124 1855 .xiiij.
1138 1785 1234 1840 denar.

182 1881 227 1933 De
240 1880 370 1949 Johanne
384 1877 531 1947 Godwyne
544 1875 579 1929 de
593 1875 797 1931 Theuerisham
1069 1873 1124 1944 .xij.
1138 1873 1234 1929 denar.

180 1970 226 2023 De
239 1968 331 2023 Alicia
345 1968 427 2022 Pn'ch
440 1966 477 2021 de
490 1965 590 2020 eadem
1103 1963 1140 2033 .ij.
1154 1961 1234 2017 solid.

180 2057 227 2111 De
241 2055 338 2110 Priore
350 2054 386 2110 de
398 2053 578 2122 Anglesheye
1100 2051 1136 2120 .ij.
1150 2050 1232 2106 solid.

183 2144 227 2198 De
239 2141 356 2198 domino
368 2142 393 2211 J.
408 2140 444 2196 de
458 2139 592 2195 Scalariis
603 2140 641 2196 de
654 2140 779 2194 Cheuele
1090 2157 1141 2193 .xx.
1155 2137 1235 2194 solid.

413 2365 462 2431 29
507 2347 715 2432 [Bemwelle
736 2346 957 2432 (Bamwell).]

194 2495 340 2580 [Omnes
361 2495 415 2559 isti
438 2495 615 2578 subscripti
638 2507 716 2559 sunt
737 2505 891 2560 tenentes
908 2495 1029 2560 Prioris
1046 2497 1079 2560 in
1094 2496 1175 2560 villa
1194 2496 1237 2560 de
1249 2506 1267 2557 t.
1284 2507 1330 2571 ηε

130 2600 333 2665 Bernewelle
344 2620 433 2664 anno
445 2601 537 2682 regni
552 2599 655 2683 Regis
668 2599 854 2686 E[dwardi]
865 2600 922 2684 lilij
935 2602 1039 2685 Regis
1052 2601 1237 2686 E[dwardi]
1252 2619 1379 2662 ¹aeo-1a10

130 2703 257 2788 tercio]

184 2823 338 2898 [Redditus
352 2827 381 2881 in
394 2826 460 2881 villa
473 2827 508 2880 de
521 2825 692 2883 Beruewelle
705 2836 732 2882 et
746 2827 782 2882 de
793 2824 1059 2898 reparacionibus¹.]

196 2929 368 3012 Johannes
386 2928 507 2993 Russel
523 2938 616 2994 tenet
631 2951 735 2994 vnum
752 2932 961 3014 mesuagium
978 2952 1054 2996 cum
1074 2930 1190 3008 crofta,
1205 2941 1239 2996 et

134 3035 243 3100 reddit
274 3055 333 3118 per
363 3055 487 3099 annum
520 3035 563 3117 .ij.
590 3035 716 3099 solidos
743 3035 772 3118 .j.
799 3056 962 3120 caponem
996 3037 1024 3120 .j.
1055 3037 1238 3120 precariam

132 3140 238 3226 [quod
255 3160 343 3204 nunc
359 3149 452 3204 tenet
468 3140 635 3223 Margeria
652 3139 818 3224 Lordesl’.

201 3243 367 3307 Henricus
390 3245 432 3306 de
456 3242 698 3307 Theuerisham
722 3253 815 3307 tenet
836 3263 939 3308 vnum
964 3246 1172 3328 mesuagium
1196 3246 1239 3310 ad

134 3348 243 3433 capud
271 3348 347 3412 ville
371 3367 485 3412 versus
509 3347 748 3431 Steresbregge
774 3359 808 3412 et
833 3348 943 3413 reddit
969 3349 1010 3432 .ij.
1037 3351 1162 3416 solidos
1189 3351 1239 3434 ,vj.

136 3453 301 3518 denarios

204 3557 371 3620 Robertus
398 3555 429 3619 le
452 3555 554 3621 tulere
581 3565 675 3621 tenet
697 3575 801 3621 vnum
830 3559 1037 3642 mesuagium
1060 3559 1151 3642 quod
1180 3559 1241 3623 fuit

137 3661 241 3726 Alani
262 3660 293 3723 le
313 3660 447 3736 stabler,
467 3669 501 3722 et
525 3660 634 3724 reddit
655 3680 715 3743 per
737 3680 862 3724 annum
884 3661 935 3743 .vj.
956 3663 1110 3728 denarios
1135 3662 1164 3746 .j.
1188 3683 1241 3728 ca-

135 3785 258 3850 ponem
274 3773 308 3829 et
325 3765 366 3847 .ij.
383 3764 548 3848 precarias
561 3764 666 3848 [quod
678 3784 767 3828 nunc
780 3773 872 3829 tenet
883 3765 1036 3848 Joachim
1049 3766 1136 3831 lilius
1147 3765 1241 3851 eius].

201 3870 317 3934 Adam
341 3869 569 3953 carpentarius
589 3880 624 3934 et
648 3870 816 3936 Robertus
838 3870 1017 3935 Maniaunt
1036 3882 1152 3937 tenent
1174 3894 1242 3937 rne-

17 4051 18 4060 ¹
134 3977 287 4059 suagium
319 3976 409 4058 quod
442 3975 504 4040 luit
535 3975 694 4039 Kokelini
725 3975 906 4060 carectarij‚
936 3985 969 4040 et
999 3976 1145 4041 reddunt
1175 3979 1242 4060 .xij.

17 4165 18 4170 ἵ
135 4081 290 4148 denarios
306 4079 346 4161 .ij.
363 4100 509 4163 capones
524 4079 629 4163 [quod
643 4100 730 4143 nunc
743 4089 834 4144 tenet
852 4079 1019 4144 Robertus
1031 4081 1075 4144 de
1088 4081 1243 4146 Weitone

135 4183 337 4268 capellanus,
353 4203 458 4265 nepos
475 4182 618 4266 Prioris].

185 4323 194 4354 ¹
211 4322 304 4373 Added
316 4322 342 4371 in
353 4338 369 4370 a
379 4321 430 4372 lare
441 4322 509 4372 hand
521 4321 551 4372 ol
559 4322 602 4372 the
617 4323 674 4388 r7tlr
687 4330 799 4387 century.

184 4403 195 4436 ²
212 4405 275 4454 This
291 4405 340 4454 und
359 4403 402 4453 the
418 4403 548 4470 following
564 4414 636 4454 notes
653 4421 686 4453 on
704 4405 746 4454 the
764 4405 804 4454 list
821 4420 863 4455 are
880 4405 963 4454 added
981 4405 1015 4471 by
1031 4407 1073 4456 the
1090 4409 1170 4458 scribe
1187 4409 1245 4460 who

137 4496 215 4542 wrote
234 4487 354 4538 “Omnes
372 4485 550 4538 isti...tercio.”
