3212 5064
609 355 786 430 Contents
1195 383 1215 452 3
1220 383 1240 453 3

131 553 169 594 22.
209 542 282 596 Item
305 540 341 596 de
361 542 505 598 solucione
526 542 606 598 firme
628 553 655 598 et
674 543 801 599 redditus
820 544 850 598 in
870 545 992 599 Bertone
1010 554 1038 600 et
1058 545 1098 601 de·
1114 544 1243 615 scutagio

270 629 408 684 soluendo
427 639 455 685 et
472 631 596 686 leuando
614 631 644 685 in
663 631 764 686 eadem
782 631 857 687 villa

130 728 168 782 23.
206 717 253 772 De
266 717 390 788 quadam
403 719 522 774 collecta
534 720 610 775 lacta
622 719 651 774 in
663 720 730 774 villa
745 720 905 776 caldecote.

130 815 168 866 24
206 804 253 857 De
266 803 427 860 tenentibus
439 806 539 875 prioris
552 807 582 860 in
597 806 771 876 Maddingle.

130 903 167 959 25
206 893 254 946 De
266 892 355 948 libere
367 895 528 949 tenentibus
541 904 569 950 et
581 879 760 951 custumar'irs
773 896 801 950 in
815 894 882 950 villa
894 897 930 951 de
944 897 1162 967 Driedraytone.

129 980 167 1032 ab
205 980 253 1034 De
266 979 426 1036 tenentibus
439 982 539 1052 prioris
552 983 581 1038 in
594 983 797 1052 wythlistorde
809 997 838 1040 et
852 984 974 1055 Philippi
987 986 1024 1041 de
1038 987 1205 1054 Syreburne.

129 1079 167 1132 27.
206 1068 253 1123 De
271 1070 432 1124 tenentibus
449 1079 477 1124 et
493 1070 652 1126 redditibus
668 1072 769 1142 prioris
786 1071 815 1126 in
829 1072 998 1140 Wigenhale
1015 1073 1095 1128 etde
1113 1075 1241 1145 scutagio

269 1167 297 1212 et
316 1159 458 1213 seruitute.

129 1243 167 1296 28.
204 1246 252 1300 De
266 1246 422 1301 redditibus
434 1247 650 1317 particularibus
663 1248 847 1303 exterioribus
860 1249 888 1304 in
902 1249 991 1318 xxvij.
1005 1249 1086 1305 villis.

128 1347 166 1402 tp
204 1334 252 1389 De
265 1333 421 1390 redditibus
433 1336 462 1390 in
475 1336 542 1391 villa
554 1336 591 1392 de
605 1337 775 1393 Bernewelle
788 1347 816 1392 et
828 1337 1053 1408 operacionibus.

211 1524 420 1590 INCIPIUNT
443 1539 631 1592 CAPITULA
655 1540 756 1590 LIBRI
779 1539 921 1592 OCTAUI
945 1541 993 1591 ET
1016 1539 1159 1593 VLTIMI.

190 1678 230 1742 ln
254 1677 340 1742 libro
360 1688 482 1743 octauo
503 1679 717 1743 continentur
737 1700 796 1763 per
816 1679 968 1744 ordinem
993 1679 1122 1744 rubrice
1143 1681 1240 1763 quin-

126 1783 286 1866 quaginta
312 1791 346 1847 et
371 1791 510 1866 septem.
558 1782 604 1846 Et
629 1783 818 1846 intitulatur
844 1783 900 1846 ille
928 1784 1011 1848 liber
1040 1783 1173 1848 libellus
1197 1785 1239 1848 de

125 1887 349 1951 obseruanciis
376 1887 590 1970 regularibus,
636 1885 704 1952 Sed
729 1887 809 1969 quia
836 1889 869 1950 in
897 1888 1062 1971 principio
1088 1888 1238 1951 eiusdem

126 1987 195 2052 iibri
226 1989 317 2053 dicte
348 1989 477 2053 rubrice
507 1989 654 2073 plenarie
685 1999 719 2054 et
750 2010 809 2072 per
839 1991 990 2054 ordinem
1027 1989 1239 2053 intitulantur

125 2095 328 2178 superfluum
341 2097 509 2159 videretur
521 2097 554 2159 in
571 2095 634 2158 hac
647 2094 763 2159 tabula
779 2095 868 2176 ipsas
885 2095 1034 2158 inserere.
1070 2093 1238 2158 Dominus

125 2199 224 2282 igitur
249 2219 270 2262 a
294 2221 362 2282 quo
388 2210 423 2262 et
447 2200 480 2261 in
508 2219 576 2280 quo
602 2207 637 2262 et
660 2219 719 2281 per
742 2219 842 2281 quem
865 2209 943 2261 sunt
966 2199 1080 2261 omnia
1102 2208 1237 2281 ceptum

124 2323 206 2388 opus
246 2301 341 2367 finiat
376 2312 410 2366 et
445 2311 577 2366 tantum
613 2302 762 2365 laborem
795 2301 947 2384 scriptori
982 2312 1170 2366 remuneret
1204 2311 1238 2366 et

124 2406 242 2473 iratres
265 2409 309 2470 ab
332 2407 424 2471 omni
449 2405 539 2469 malo
562 2405 731 2470 defendat.
778 2405 899 2470 Amen.

172 2555 274 2629 [Anno
285 2555 364 2626 regni
376 2554 451 2625 regis
466 2551 623 2626 E[dwardi]
636 2553 713 2624 tercij
727 2572 746 2608 a
758 2565 922 2627 conquestu.

173 2642 346 2716 [l]ncipiunt
359 2642 482 2713 capitula
494 2643 562 2696 noni
575 2641 638 2696 libri
648 2641 716 2696 facti
727 2652 853 2712 tempore
865 2641 1008 2714 Radulphi
1021 2643 1058 2698 de
1075 2644 1236 2714 Northyton

125 2733 229 2788 Prioris
242 2743 270 2786 et
283 2731 345 2786 Ade
360 2731 456 2786 Nolret
469 2729 652 2785 seneschalli.

176 2825 211 2878 ln
226 2821 332 2892 primis

173 2907 246 2982 [D]e
259 2907 376 2964 terrario
388 2917 462 2962 terre
476 2905 592 2962 Henrici
606 2906 794 2962 Attecrouche
808 2907 836 2960 in
852 2906 1044 2962 Hardlestone
1056 2917 1084 2962 et
1097 2917 1185 2976 prato.

173 2995 246 3070 [D]e
259 3013 392 3067 processu
405 2995 532 3050 eiusdem
544 3010 631 3066 quare
643 2993 720 3048 venit
732 3011 782 3064 per
794 2993 999 3067 escaet[0rem].

171 3083 246 3158 [D]e
258 3085 370 3140 redditu
383 3093 411 3138 et
423 3083 505 3137 farma
517 3081 546 3136 in
558 3081 659 3137 eadem
671 3081 738 3135 villa
750 3093 778 3136 et
790 3082 1022 3138 resolucionibus.

172 3171 246 3247 [DJe
259 3173 355 3243 quieta
367 3170 525 3226 clamancia
538 3168 645 3225 domini
659 3168 695 3223 de
708 3168 860 3239 Tippetoft

172 3257 245 3333 [D]e
258 3269 391 3330 compoto
404 3257 514 3312 decime
527 3256 642 3312 biennio
655 3273 730 3311 anno
742 3257 819 3311 xxv²⁰
831 3255 1002 3329 concesse]1

275 3449 451 3514 Summam
473 3458 504 3512 to
525 3447 640 3512 attend
659 3447 710 3512 tlte
730 3445 859 3510 electiore
881 3447 923 3528 os
936 3468 957 3510 a
980 3447 1088 3512 Prior.

184 3605 279 3689 [Hec
305 3613 357 3666 est
382 3603 479 3687 copia
505 3602 677 3666 citacionis
704 3611 841 3684 propter
871 3603 1051 3666 canonicos
1081 3603 1234 3668 citandos
1248 3611 1264 3660 s·
1280 3613 1332 3664 rob

121 3710 163 3774 ad
185 3708 390 3775 eleccionem
411 3707 474 3773 sub
493 3707 627 3771 nomine
647 3705 856 3790 presidentis,
876 3716 910 3770 et
930 3707 1039 3790 sigillo
1062 3709 1113 3771 sui
1134 3707 1233 3772 officii

121 3811 328 3896 sigillabitur.

174 3967 211 4020 N.
230 3966 267 4019 N.
286 3963 415 4019 Ecclesie
433 3961 627 4018 conuentualis
647 3961 683 4019 de
704 3963 858 4018 Bernewell
878 3962 1001 4018 Eliensis
1021 3963 1153 4018 Diocesis
1171 3981 1232 4035 pre-

120 4053 217 4109 sidens
241 4051 379 4122 legittime
403 4051 508 4106 electus
533 4060 560 4105 et
589 4068 622 4105 ex
647 4049 852 4106 consuetudine
876 4051 1003 4106 eiusdem
1028 4053 1157 4106 Ecclesie
1181 4053 1232 4106 rite

121 4143 267 4198 ordinatus
286 4151 316 4196 et
336 4141 489 4211 deputatus
508 4140 571 4212 ipso
592 4141 719 4196 Prioratu
740 4157 789 4210 per
807 4141 925 4196 liberam
943 4141 1169 4211 resignacionem
1187 4139 1232 4194 vel

121 4245 170 4300 per
182 4243 303 4284 mortem
322 4227 439 4282 Domini
454 4229 490 4282 N.
505 4229 542 4282 N.
556 4227 645 4284 vltimi
665 4227 769 4283 Prioris
782 4239 902 4284 vacante
916 4230 952 4283 N.
968 4230 1004 4284 N.
1018 4228 1122 4284 nuncio
1134 4237 1231 4283 nostro

447 4385 456 4416 ¹
475 4387 506 4437 In
516 4401 532 4436 a
544 4386 611 4436 band
623 4386 652 4437 of
660 4386 702 4437 the
717 4387 775 4450 r4tb
786 4395 897 4455 century.

200 4502 228 4547 c.
1133 4505 1150 4562 3
