3222 5086
350 333 418 421 176
538 327 666 402 Deatlr
692 328 774 401 and
795 329 916 426 legacy
940 329 988 424 of
1006 327 1092 403 Eva
1119 329 1238 403 Peche
1331 329 1452 429 [soon

177 510 247 603 321}
255 511 311 604 {¹354
342 512 511 588 vicarium,
527 523 561 575 et
577 512 622 575 ibi
638 513 732 575 stetit
747 532 806 594 per
821 513 1008 576 triennium.
1055 514 1122 580 Sed
1139 513 1221 579 deus
1240 517 1452 599 omnipotens

178 623 313 705 3¹33ng
344 615 459 680 uolens
476 616 575 680 finem
593 617 764 698 imponere
780 616 837 692 liti,
854 638 899 681 ex
920 617 1095 700 inopinato
1116 617 1193 682 iecit
1215 620 1397 684 uindictam
1418 620 1450 682 in

342 721 501 784 vicarium
512 720 619 784 sancti
634 719 746 803 Egidij
760 740 897 803 grauem
910 721 1146 786 aduersarium.
1182 723 1346 788 Percussit
1360 726 1449 788 enirn

341 845 419 889 eum
435 825 592 889 dominus
607 827 754 908 quadam
771 825 964 891 infirmitate
980 827 1162 901 incurabili,
1178 828 1211 892 id
1229 839 1280 892 est
1291 829 1450 911 ydropisi,

342 924 384 988 de
406 945 474 1008 qua
497 935 646 989 mortuus
669 935 728 989 est.
774 924 842 989 Sed
866 927 1027 1002 canonici,
1051 927 1193 990 scientes
1216 927 1324 1010 ipsum
1354 927 1450 1011 expi-

342 1049 440 1106 rasse,
461 1050 529 1093 non
545 1030 767 1113 permiserunt
787 1051 906 1114 corpus
922 1031 992 1095 eius
1008 1034 1131 1096 intrare
1148 1032 1179 1095 in
1197 1032 1369 1096 ecclesiam
1389 1052 1451 1096 nec

343 1132 479 1197 missam
492 1154 554 1217 pro
563 1156 603 1199 eo
614 1134 782 1211 celebrari,
794 1147 980 1202 asserentes
992 1137 1101 1221 ipsum
1111 1137 1450 1202 excommunicatum.

343 1237 434 1321 Quid
456 1237 573 1321 plura?
597 1239 805 1304 Executores
826 1241 896 1303 eius
916 1240 1054 1304 tandem
1076 1239 1225 1304 lecerunt
1240 1261 1356 1324 pacem
1373 1261 1449 1303 cum

342 1343 511 1408 canonicis
547 1344 637 1428 ipsis,
667 1353 701 1408 et
734 1354 813 1409 tunc
850 1345 986 1410 demum
1024 1366 1109 1410 vnus
1143 1346 1323 1410 canonicus
1353 1358 1450 1410 extra

341 1449 486 1513 hostium
519 1449 656 1514 ecclesie
686 1450 830 1514 absoluit
860 1472 980 1535 corpus
1011 1461 1190 1528 mortuum,
1220 1461 1253 1516 et
1284 1451 1451 1516 celebrata

340 1557 442 1619 missa
464 1557 573 1638 ipsum
596 1555 749 1638 sepeliuit
771 1558 803 1620 in
826 1558 989 1622 cimiterio
1009 1557 1155 1622 ecclesie.
1201 1559 1299 1622 Tunc
1313 1557 1449 1640 quidem

340 1670 537 1725 executores
574 1660 739 1724 dederunt
773 1661 1034 1726 Priori.c.oues
1072 1671 1106 1726 et
1144 1662 1342 1746 palefridum
1379 1663 1451 1725 eius

340 1765 442 1848 precii
454 1815 460 1828 .
471 1786 492 1828 v
504 1815 511 1828 .
525 1785 710 1828 marcarum
728 1774 761 1828 et
783 1766 936 1848 insuper.
949 1788 987 1830 v.
1000 1786 1129 1830 marcas
1145 1769 1282 1850 argenti.
1329 1767 1451 1830 Postea

341 1867 472 1950 Gwydo
487 1867 530 1932 de
545 1867 729 1932 Crawdene
744 1869 901 1932 successit
916 1868 1025 1933 eidem
1047 1868 1139 1935 Luce
1162 1870 1205 1934 ad
1226 1870 1383 1934 vicariam
1406 1871 1451 1934 de

341 1973 515 2047 Mordone,
530 1973 586 2056 qui
604 1973 695 2055 prius
711 1971 774 2037 suit
789 1973 929 2037 vicarius
946 1975 988 2039 de
1004 1973 1216 2040 Thadelowe.

511 2173 578 2236 108.
624 2171 789 2236 Phcitum
811 2171 850 2234 de
872 2181 1058 2236 testamento
1080 2171 1154 2236 Eue
1175 2171 1282 2238 Peche.

175 2327 271 2420 gigan
406 2310 517 2373 Mater
531 2309 659 2374 domini
673 2307 843 2392 G[ilberti]
857 2308 964 2373 Peche
980 2309 1111 2391 patroni
1125 2310 1238 2386 nostri,
1251 2308 1325 2373 Eua
1339 2308 1450 2373 Peche

176 2428 281 2521 :ffi-
340 2413 483 2488 nomine,
498 2411 619 2476 nobilis
640 2422 674 2476 et
695 2413 784 2476 bona
805 2412 951 2488 domina,
966 2412 1051 2494 obijt
1071 2414 1174 2477 tercio
1195 2414 1250 2477 die
1270 2423 1347 2497 post
1369 2413 1449 2497 Epi·

175 2528 325 2622 glfflued
340 2514 506 2598 phaniam,
522 2516 580 2580 sed
602 2535 721 2599 corpus
742 2517 812 2578 eius
832 2515 1027 2578 seruabatur
1047 2515 1257 2580 inhumatum
1279 2537 1384 2600 usque
1405 2518 1447 2582 ad

175 2629 325 2722 3255,er
339 2622 541 2685 dominicam
559 2620 758 2684 Palmarum.
804 2619 900 2683 Tunc
921 2619 1010 2683 enirn
1034 2629 1195 2684 uenerunt
1216 2630 1283 2684 tres
1304 2619 1361 2703 filij
1378 2623 1449 2685 eius

174 2729 325 2823 3¹33an
340 2725 469 2800 milites,
493 2735 527 2789 et
553 2735 691 2809 quartus
718 2745 860 2806 persona
887 2723 1110 2787 ecclesiastica
1134 2723 1269 2786 nomine
1292 2723 1450 2788 dominus

174 2830 287 2923 ἓξὲξ-ί
342 2831 487 2904 Hamon,
505 2839 539 2894 et
554 2828 754 2913 sepelierunt
770 2849 889 2912 corpus
910 2829 980 2891 eius
1001 2848 1076 2891 curn
1096 2830 1187 2891 omni
1209 2827 1333 2892 honore
1353 2830 1450 2892 iuxta

175 2931 282 3024 {lggfff’u‘
340 2937 445 2999 virum
468 2955 574 3012 suum,
595 2935 629 2997 in
650 2933 779 3018 capella
801 2934 899 2997 beate
922 2933 1036 3008 Marie,
1052 2942 1085 2996 et
1107 2943 1178 2996 tota
1199 2954 1274 2996 cera
1290 2935 1449 2998 remansit

340 3037 407 3101 lere
430 3058 535 3120 usque
557 3035 599 3100 ad
622 3057 692 3100 .cc.
715 3037 823 3113 libras,
844 3046 878 3100 et
898 3045 965 3100 tres
986 3037 1087 3118 panni
1109 3056 1190 3099 auro
1210 3036 1306 3113 texti,
1326 3047 1360 3099 et
1381 3037 1450 3100 duo

340 3143 415 3226 equi
431 3143 488 3225 qui
510 3140 690 3225 portabant
712 3140 866 3205 loculum.
913 3139 1080 3206 Omnibus
1101 3141 1162 3203 rite
1184 3141 1325 3222 peractis
1345 3161 1449 3204 reces-

177 3250 294 3293 ¹¹⁰w²¹¹⁶
338 3255 454 3311 serunt
469 3244 526 3328 filij
544 3247 765 3329 prenominati
782 3265 898 3309 omnes
915 3245 1040 3308 nullam
1062 3245 1219 3309 iacientes
1241 3245 1449 3310 mencionem

175 3311 235 3342 oona
244 3299 307 3342 tried

173 3350 266 3443 {33ssst
339 3352 381 3415 de
397 3360 601 3414 testamento
618 3351 733 3414 matris
749 3371 815 3414 sue.
861 3350 908 3413 Et
923 3349 1001 3432 quia
1018 3350 1110 3413 Prior
1125 3369 1169 3412 ex
1186 3349 1291 3413 relatu
1307 3349 1447 3414 aliorum

175 3451 305 3552 ξῇἷὴῗξᾱ
339 3455 505 3519 intellexit
521 3456 611 3538 quod
627 3456 764 3518 domina
779 3455 869 3520 dicta
886 3455 1010 3536 legauit
1025 3475 1101 3518 curn
1117 3475 1255 3537 corpore
1268 3475 1329 3519 suo
1342 3453 1450 3519 multa

175 3551 298 3644 ξζξξξξ,
339 3559 429 3623 bona
443 3560 581 3624 ecclesie
597 3559 653 3623 ubi
669 3560 771 3643 elegit
790 3559 1007 3642 sepulturam,
1024 3559 1101 3623 lecit
1121 3557 1296 3622 dominum
1320 3558 1449 3622 Hamo-

175 3652 325 3745 {ssffififgff
339 3684 416 3728 nem
447 3663 663 3747 principalem
694 3664 766 3727 eius
795 3673 1010 3727 executorem
1039 3663 1149 3727 uocari
1176 3683 1287 3726 coram
1315 3661 1448 3742 officiali

338 3769 467 3834 domini
499 3769 731 3852 Norwycensis
766 3769 915 3851 episcopi
946 3778 1064 3851 petens
1091 3768 1133 3831 ab
1164 3787 1204 3832 eo
1235 3788 1288 3832 .c.
1319 3787 1448 3830 marcas

338 3874 474 3939 nomine
497 3873 635 3959 legat[i].
684 3875 880 3940 Procurator
901 3893 979 3938 uero
1000 3875 1071 3937 eius
1091 3872 1294 3937 defendebat
1312 3892 1447 3937 causam

339 3979 406 4044 lere
421 4001 481 4063 per
496 3979 666 4044 biennium
683 3981 846 4064 usquead
863 3978 1045 4044 aduentum
1062 3978 1190 4043 domini
1211 3979 1261 4042 sui
1283 3979 1325 4042 de
1347 3978 1448 4061 parti-

338 4083 401 4146 bus
430 4082 667 4146 transmarinis.
728 4081 882 4146 Tandem
913 4081 1005 4145 uenit
1034 4079 1191 4144 dominus
1221 4100 1300 4143 suus
1331 4079 1449 4143 nolens

340 4189 455 4253 uolens
477 4197 511 4252 et
534 4187 758 4253 confitebatur
781 4189 824 4252 de
848 4209 907 4252 .x.
933 4186 1023 4251 libris
1047 4185 1216 4269 legsatis];
1246 4195 1449 4268 ostensoque

339 4302 542 4357 testamento
555 4313 667 4356 coram
687 4291 799 4375 judice
814 4288 1075 4373 condempuauit
1090 4309 1166 4353 eum
1183 4291 1225 4354 ad
1242 4289 1446 4352 solucionem

336 4419 397 4463 .x.
413 4398 580 4476 librarum,
595 4409 629 4463 et
645 4396 879 4462 nichilominus
894 4396 936 4458 ad
954 4394 999 4459 .l.
1016 4393 1141 4458 solidos
1157 4413 1218 4478 pro
1232 4393 1398 4476 expensis.
