3222 5086
337 345 404 414 162
475 343 606 417 House
632 342 714 416 and
734 342 844 417 lands
868 343 916 442 of
943 345 1113 418 Wlliam
1149 347 1267 443 Wayn
1317 343 1440 444 [boort

330 524 406 581 alibi,
444 528 483 582 Et
506 525 605 583 dicunt
629 527 706 600 quod
729 529 873 600 predictus
899 532 986 600 Hugo
1010 541 1102 586 rotam
1122 541 1151 586 et
1171 530 1297 586 fusilium
1318 529 1442 586 ferreum

331 613 486 669 molendini
515 615 634 685 predicti
664 626 692 671 et
721 619 812 672 molas
836 618 965 674 eiusdem
990 635 1024 674 ex
1048 635 1166 676 assensu
1191 629 1219 675 et
1243 621 1389 674 voluntate
1412 627 1442 673 et

332 703 451 757 consilio
463 704 582 774 predicti
598 705 737 762 Guidonis
754 706 829 777 cepit
840 717 869 762 et
886 708 1052 777 asportauit,
1064 718 1092 764 et
1105 705 1228 780 [partem
1241 708 1308 765 inde
1321 707 1349 763 in
1363 706 1442 762 curia

332 791 452 862 predicti
470 791 610 848 Guidonis
627 793 657 848 in
674 795 834 863 depositum
853 795 890 850 ad
907 795 1079 851 seruandum
1095 797 1197 867 posuit
1237 798 1282 852 lta
1297 795 1373 866 qnod
1390 811 1443 866 per

334 879 539 937 alienacionem
552 891 580 936 et
593 881 822 953 asportacionem
835 883 954 954 predicti
967 882 1093 938 meremii
1103 883 1198 939 amisit
1208 883 1350 955 predictus
1361 882 1443 939 Prior

333 968 479 1040 hucusque
492 969 635 1025 redditum
647 967 742 1042 suum]
747 969 763 1026 ¹.

550 1115 599 1180 88.
644 1112 812 1178 Placitum
834 1112 873 1176 de
903 1112 1061 1178 Willelmo
1092 1111 1224 1194 Waryn.

170 1229 321 1334 Qffy'fl‘m
403 1241 442 1304 ln
465 1241 544 1305 villa
570 1241 614 1306 de
641 1242 785 1305 Bertone
809 1250 880 1306 erat
904 1242 1041 1325 quidam
1064 1243 1167 1307 homo
1190 1243 1281 1320 liber,
1304 1251 1443 1307 vocatus

170 1332 298 1425 {iinon
335 1345 470 1409 nomine
489 1347 646 1410 Warinus
665 1354 735 1410 atte
755 1345 851 1422 Dole‚
872 1346 929 1429 qui
953 1346 1100 1411 habebat
1123 1346 1226 1411 filiurn
1250 1347 1384 1411 unicum
1408 1357 1443 1412 et

163 1433 320 1532 {mff
333 1449 490 1514 heredem
517 1450 575 1533 qui
601 1450 784 1514 vocabatur
811 1449 999 1514 Willelmus
1027 1451 1164 1532 Waryn.
1209 1449 1277 1533 Qui
1304 1452 1441 1535 quidem

170 1533 303 1626 ffiqqn.
334 1555 523 1619 Willelmus
544 1564 621 1640 post
641 1565 784 1620 mortem
800 1557 904 1639 patris
920 1557 970 1620 sui
986 1555 1136 1620 leoffauit
1151 1558 1326 1621 dominum
1343 1555 1382 1622 G.
1398 1557 1442 1621 de

172 1635 273 1677 ΒΜ·
336 1659 500 1726 Londone
523 1661 721 1724 canonicum
746 1658 790 1723 de
815 1659 1018 1724 Bernewelle
1041 1660 1085 1724 de
1108 1661 1264 1724 omnibus
1288 1661 1383 1725 terris
1407 1669 1443 1725 et

333 1764 534 1828 tenementis
557 1783 622 1845 que
646 1762 778 1827 fuerunt
801 1763 941 1846 predicti
963 1763 1090 1827 Warini
1113 1765 1288 1846 patrissui
1310 1765 1443 1829 invilla

333 1878 368 1934 et
390 1871 517 1953 campis
540 1870 583 1934 de
607 1870 752 1934 Bertone
775 1878 836 1934 etc.
881 1869 1041 1934 Processu
1064 1891 1145 1934 uero
1167 1871 1327 1953 temporis
1351 1871 1441 1935 idem

333 1974 523 2039 Willelmus
538 1974 665 2058 Waryn
683 1973 829 2056 suscepit
845 1973 996 2038 habitum
1013 1973 1046 2037 in
1063 1974 1165 2038 domo
1180 1975 1223 2038 de
1240 1974 1443 2039 Bemewelle

333 2077 485 2141 conuersi
516 2075 623 2158 layci;
658 2084 692 2139 et
722 2095 788 2139 non
822 2075 928 2139 multo
958 2084 1035 2158 post
1060 2077 1103 2139 de
1129 2097 1292 2141 consensu
1321 2077 1444 2141 Prioris

334 2181 454 2245 missus
475 2190 547 2244 erat
568 2179 656 2244 idern
674 2179 892 2264 W[illelmus]
914 2201 1095 2245 conuersus
1115 2181 1158 2246 ad
1175 2183 1442 2260 custodiendum,

333 2285 520 2362 colendum,
536 2296 570 2349 et
585 2284 784 2350 saluandum
801 2295 905 2350 terras
921 2296 956 2350 et
971 2294 1163 2350 tenementa
1179 2287 1339 2370 predicta,
1349 2289 1441 2371 quod

332 2389 415 2453 satis
438 2388 579 2453 fideliter
601 2399 634 2453 et
656 2390 780 2454 deuote
803 2389 1038 2474 humiliterque
1061 2390 1139 2454 fecit
1159 2401 1332 2474 tamquam
1354 2391 1443 2456 lilius

333 2493 534 2560 obediencie.
581 2493 802 2578 Euolutisque
823 2495 938 2578 paucis
957 2494 1074 2559 diebus
1091 2495 1179 2559 idem
1196 2495 1297 2560 irater
1311 2495 1442 2560 Willel·

333 2621 407 2664 mus
423 2619 603 2663 conuersus
620 2599 710 2662 febre
725 2609 897 2683 correptus
913 2599 1047 2677 ibidem,
1063 2598 1219 2664 videlicet
1234 2600 1266 2663 in
1283 2599 1442 2664 domibus

332 2725 397 2788 que
423 2725 482 2766 sue
510 2712 605 2767 erant
631 2713 710 2766 ante
736 2703 998 2780 conuersionem‚
1022 2704 1198 2786 expirauit,
1224 2713 1441 2788 mortuusque

332 2808 463 2873 delatus
484 2815 535 2871 est
551 2814 585 2870 et
601 2806 753 2888 sepultus
775 2806 808 2870 in
828 2806 992 2870 cimiterio
1007 2807 1243 2872 canonicorum
1260 2808 1303 2873 de
1319 2808 1441 2873 Beme·

332 2911 426 2976 welle
441 2911 527 2974 inter
542 2909 667 2974 iratres.

168 3010 272 3112 333⁸·
398 3015 488 3099 Quia
518 3015 618 3099 igitur
648 3014 773 3078 bonurn
804 3025 856 3078 est
885 3014 1074 3097 premunire
1105 3014 1242 3091 futuros,
1270 3024 1306 3080 ut
1333 3015 1442 3083 sciant

168 3111 295 3211 mim
332 3118 482 3182 malicias
512 3118 687 3181 hominum
717 3118 876 3190 deuitare,
904 3117 1011 3181 sciant
1040 3137 1158 3181 omnes
1188 3127 1222 3181 et
1250 3121 1443 3184 memoriter

167 3211 317 3305 ξξῗξξρξοῇ,
332 3223 497 3286 retineant
519 3222 609 3305 quod
633 3221 802 3304 predictus
824 3220 980 3284 Warinus
1001 3230 1070 3284 atte
1090 3219 1178 3286 Dole
1198 3221 1316 3287 habuit
1336 3243 1441 3306 quen-

331 3325 410 3390 dam
428 3325 572 3404 sratrem,
591 3325 775 3390 Henricurn
793 3325 937 3402 nomine,
952 3324 1009 3409 qui
1026 3323 1145 3408 laqueo
1161 3346 1341 3408 suspensus
1359 3337 1441 3392 erat.

333 3431 379 3494 Et
406 3430 460 3495 ille
489 3431 656 3494 Henricus
683 3430 800 3494 habuit
826 3430 995 3512 quendam
1020 3429 1123 3492 tilium
1146 3431 1357 3514 capellanum
1381 3452 1441 3498 no

332 3537 422 3600 mine
448 3535 644 3600 Walterum.
692 3534 758 3598 Hic
781 3533 950 3599 Walterus
977 3534 1010 3597 in
1038 3534 1154 3598 itinere
1181 3534 1440 3617 justiciariorum

332 3661 391 3723 per
411 3638 584 3704 consilium
605 3637 768 3722 johannis
784 3639 827 3702 de
844 3637 1113 3721 Metheringham
1132 3639 1325 3722 impetrauit
1339 3640 1441 3706 breue

333 3744 436 3826 Regis
458 3753 573 3807 contra
595 3743 742 3806 Priorem
763 3742 805 3805 de
825 3741 982 3805 omnibus
1000 3743 1095 3805 terris
1110 3750 1145 3806 et
1159 3744 1358 3808 tenementis
1373 3764 1441 3827 que

332 3848 453 3914 fuerint
482 3847 643 3912 Willelmi
674 3847 802 3929 Waryn
834 3846 866 3909 in
900 3845 1054 3924 Bertone,
1083 3845 1197 3910 dicens
1227 3845 1318 3930 quod
1349 3847 1439 3912 idem

331 3952 548 4038 W[illelmus]
580 3951 665 4035 obijt
695 3950 774 4016 inde
804 3952 949 4035 seysitus
979 3960 1050 4027 ete,
1080 3960 1115 4015 et
1143 3951 1234 4035 quod
1266 3951 1337 4035 ipse
1368 3963 1441 4018 erat

332 4057 547 4142 propinquior
572 4057 645 4121 eius
670 4057 765 4120 heres
788 4064 859 4132 etc.,
882 4064 916 4120 et
939 4055 1063 4120 multas
1088 4055 1195 4120 minas
1218 4056 1441 4138 pretendebat

330 4172 392 4228 etc.
453 4161 520 4227 Sed
551 4171 731 4245 postquam
762 4160 955 4243 oppositum
985 4168 1058 4224 erat
1087 4160 1117 4223 ei
1149 4160 1191 4224 de
1220 4161 1441 4244 suspensione

330 4266 449 4343 fratris,
471 4265 687 4330 uehementer
712 4263 889 4340 obmutuit,
916 4271 950 4326 et
976 4283 1043 4326 non
1070 4263 1142 4327 sine
1168 4263 1288 4328 rubore
1315 4285 1441 4348 magno

328 4370 431 4436 breue
452 4391 550 4436 suum
574 4369 723 4434 retraxit.

619 4485 629 4518 ¹
646 4486 908 4555 partem...Guydonis
924 4485 984 4538 inde
1000 4485 1120 4552 posituro,
1140 4485 1196 4538 MS.
