3212 5064
631 323 669 397 T
663 323 786 422 allega
811 322 860 419 of
879 321 1099 421 Cambridge
1296 317 1416 419 [Boou

512 596 561 660 3²-
607 579 690 643 Item
714 578 753 642 de
778 577 914 660 tallagio
936 577 975 641 dc
1002 575 1218 660 Cantebngia.

144 768 166 810 Α
176 764 267 809 acono
362 749 529 824 H[enricus]
553 749 599 806 dei
624 750 729 821 gracia,
753 751 813 804 Rex
838 747 949 818 Anglie‚
970 755 1032 815 etc,
1054 745 1212 803 vicecomiti
1239 747 1417 818 Cantebrigie

144 818 279 910 §pappant
309 841 436 898 salutem.

145 927 243 1011 :met
363 925 535 982 Monstrauit
552 925 635 981 nobis
659 924 738 978 Prior
757 924 793 980 de
815 923 986 978 Bemewelle
1004 923 1080 994 quod
1100 940 1166 977 cum
1187 939 1346 979 assessores
1366 926 1417 979 tal·

147 1019 181 1071 (1¹
191 969 269 1070 itpnr,
308 1014 385 1086 liagij
408 1015 496 1072 nostri
519 1015 547 1069 in
571 1013 713 1070 Comitatu
735 1012 917 1081 Cantebn'gie
939 1011 1120 1067 talliauerunt
1141 1020 1269 1068 tenentes
1290 1013 1417 1068 eiusdem

137 1070 215 1124 'nm'
311 1103 413 1158 Prioris
432 1104 461 1158 in
481 1102 663 1171 Cantebrigia
680 1102 753 1158 inter
771 1112 878 1157 ceteros
897 1103 1057 1171 Burgenses
1073 1111 1185 1156 nostros
1202 1101 1328 1157 eiusdem
1344 1101 1417 1168 ville,

309 1193 396 1248 iidem
414 1208 572 1248 assessores
590 1191 790 1246 nichilominus
809 1191 926 1247 assideri
946 1192 1072 1248 iecerunt
1092 1191 1248 1261 talliagium
1267 1208 1351 1261 super
1368 1209 1416 1246 an-

310 1297 398 1336 nuum
416 1278 557 1334 redditum
575 1296 661 1351 quern
680 1279 755 1334 idem
776 1279 855 1334 Prior
873 1278 991 1351 percipit
1009 1279 1046 1334 de
1064 1277 1171 1334 eisdem
1190 1279 1369 1344 tenentibus;
1390 1289 1419 1334 et

309 1367 374 1423 ideo
387 1367 437 1423 tibi
451 1367 620 1439 precipimus
633 1367 717 1438 quod,
732 1367 755 1421 si
768 1365 809 1420 ita
820 1377 872 1434 est,
886 1375 954 1422 tune
970 1366 1093 1423 eundem
1107 1367 1233 1423 Priorem
1245 1367 1281 1422 de
1293 1367 1419 1436 talliagio

310 1457 358 1511 illo
372 1457 498 1529 quietum
511 1473 576 1510 esse
589 1455 765 1526 permittatis.

363 1546 496 1602 'restibus
515 1543 673 1617 Assianora]
694 1543 792 1614 regina
814 1553 917 1610 nostra,
938 1554 966 1599 et
986 1541 1133 1616 R[icardo]
1154 1545 1257 1600 comite
1276 1544 1418 1602 Cornubie

309 1636 395 1692 fratre
423 1644 521 1690 nostro
546 1635 621 1706 apud
646 1633 825 1704 Wyndesore
838 1675 844 1687 .
858 1645 892 1686 xi
907 1675 912 1687 .
927 1633 972 1687 die
997 1632 1102 1702 Aprilis
1126 1649 1202 1688 anno
1226 1633 1306 1704 regni
1330 1634 1418 1691 nostri

310 1735 457 1780 mxxvm.

435 1980 484 2044 33.
529 1963 634 2027 Breue
657 1963 758 2046 Regis
783 1961 967 2026 Baronibus
990 1961 1030 2025 de
1054 1960 1222 2028 Scaccario
1239 1975 1300 2047 pro

670 2066 820 2151 tallr‘agr'o
847 2064 1060 2149 Cantebngie.

148 2264 170 2306 Α
179 2264 245 2306 mm
368 2234 532 2309 H[enricus]
546 2235 601 2291 Dei
614 2234 711 2306 gracia
725 2236 784 2290 Rex
796 2233 900 2304 Anglie
912 2243 963 2289 etc.
979 2236 1138 2292 Batonibus
1151 2237 1209 2292 suis
1222 2237 1258 2293 de
1272 2237 1420 2294 scaccario

147 2315 282 2404 ΜΨ
314 2327 443 2382 salutem.

148 2367 185 2458 im
214 2376 266 2416 η’
368 2411 539 2470 Monstrauit
560 2412 644 2467 nobis
665 2411 785 2466 dilectus
807 2411 890 2467 nobis
912 2413 941 2466 in
962 2413 1075 2469 Christo
1099 2411 1177 2468 Prior
1195 2413 1231 2469 de
1251 2415 1420 2473 Bernewellc

312 2503 397 2574 quod,
416 2519 481 2558 cum
500 2517 659 2556 assessores
678 2498 768 2554 ultimi
788 2499 904 2569 talliagii
924 2499 1011 2554 nostri
1030 2501 1059 2553 in
1078 2500 1222 2556 Comitatu
1241 2502 1421 2572 Cantebrigle

312 2591 491 2646 talliauerunt
516 2598 644 2644 tenentes
673 2587 801 2645 eiusdem
827 2588 931 2644 Prioris
956 2589 984 2642 in
1011 2589 1192 2658 cantebrigia
1217 2590 1290 2646 inter
1313 2602 1421 2648 ceteros

230 2686 246 2737 s.
268 2701 298 2750 ³³
314 2681 473 2749 burgenses
486 2687 598 2732 nostros
607 2677 734 2732 eiusdem
745 2677 820 2744 ville,
829 2676 915 2731 iidem
926 2693 1083 2732 assessores
1093 2678 1293 2734 nichilominus
1303 2681 1421 2736 assideri

311 2770 438 2825 iecerunt
450 2766 607 2836 talliagium
620 2781 704 2837 super
719 2781 845 2819 annuum
862 2765 1002 2820 redditum
1019 2783 1104 2836 quem
1122 2765 1198 2822 idem
1212 2766 1291 2822 Prior
1302 2768 1421 2839 percipit

313 2857 349 2912 de
367 2855 530 2912 tenentibus
547 2853 690 2925 predictis,
704 2863 732 2908 et
749 2852 814 2908 ideo
827 2853 909 2908 uobis
922 2852 1091 2908 mandamus
1103 2855 1189 2924 quod,
1202 2855 1226 2910 si
1239 2855 1278 2910 ita
1291 2866 1341 2926 est,
1354 2869 1421 2924 tunc

313 2946 435 3000 eundem
456 2945 581 2999 Priorem
599 2944 635 2998 de
651 2942 778 3014 talliagio
796 2959 909 2998 assesso
928 2961 1012 3013 super
1030 2961 1113 2999 suum
1129 2961 1254 3000 annuum
1271 2947 1421 3015 redditum,

315 3034 387 3090 sicut
400 3033 559 3104 predictum
572 3042 622 3099 est,
635 3041 663 3086 et
676 3032 713 3087 de
726 3029 858 3102 talliagiis
875 3030 1070 3086 consimilibus
1086 3031 1213 3102 quietum
1227 3051 1291 3090 esse
1302 3034 1421 3104 faciatis,

314 3130 398 3192 prout
411 3120 447 3176 de
460 3120 519 3175 iure
531 3120 615 3175 fuerit
626 3118 797 3175 iaciendum.

367 3209 454 3265 Teste
472 3206 596 3279 meipso
613 3208 689 3278 apud
706 3207 990 3263 westmonasterium
1004 3221 1089 3263 mxx.
1103 3208 1150 3264 die
1167 3209 1233 3280 Julij
1252 3227 1327 3266 anno
1344 3213 1422 3282 regni

314 3297 403 3354 nostri
422 3305 503 3365 cuja

342 3553 391 3620 34
435 3533 633 3600 Inroiulacio
656 3535 704 3598 ad
723 3533 919 3598 scaccarium
943 3535 983 3599 de
1006 3535 1155 3620 talliagio
1181 3536 1392 3625 cantebrigia.

151 3725 231 3767 wint
370 3707 448 3762 Prior
466 3705 503 3761 de
523 3706 694 3762 Bernewelle
707 3707 792 3763 debet
806 3706 861 3761 iiii.
876 3724 987 3762 marcas
1004 3707 1041 3762 de
1057 3707 1184 3780 talliagio
1200 3727 1250 3780 pro
1267 3713 1347 3768 terris
1364 3715 1423 3770 suis

151 3773 302 3867 ξᾷἰιξξῇὼ·
316 3796 345 3852 iu
361 3795 428 3851 villa
445 3795 482 3850 de
498 3795 689 3866 cantebrigia,
702 3796 754 3851 sed
771 3813 827 3852 non
841 3797 926 3852 debet
939 3795 1111 3852 summoneri
1124 3813 1174 3868 per
1187 3799 1272 3856 breue
1285 3803 1380 3872 Regis,
1394 3803 1422 3860 in

152 3875 292 4017 pmii·
315 3901 372 3954 quo
393 3881 553 3938 continetur
574 3882 651 3952 quod
673 3883 749 3937 idem
772 3881 852 3938 Prior
869 3883 980 3955 quietus
999 3883 1035 3938 sit
1054 3884 1090 3938 de
1108 3885 1209 3939 eodem
1228 3887 1354 3960 talliagio
1372 3906 1423 3960 pro

154 3974 303 4078 823ng
316 3968 472 4025 redditibus
494 3969 551 4022 suis
576 3978 604 4023 et
629 3969 823 4026 consimilibus
849 3970 990 4041 talliagiis,
1014 3970 1271 4045 quocienscumque
1296 3987 1423 4034 tenentes

154 4077 265 4128 (canter,
316 4057 405 4129 ipsius
427 4054 531 4111 Prioris
551 4055 581 4111 in
604 4056 787 4126 cantebrigia
808 4057 952 4111 talliantur
973 4074 1022 4128 per
1042 4059 1241 4116 merchandias
1262 4079 1328 4120 suas
1352 4064 1425 4121 inter

153 4127 223 4181 ¹²⁷⁰·
317 4155 426 4202 ceteros
446 4145 606 4214 Burgenses
623 4145 697 4215 regis
717 4144 746 4201 in
764 4147 865 4202 eadem
883 4145 958 4202 villa.

385 4265 479 4330 Istud
507 4265 716 4332 irrotulatum
749 4267 936 4333 inuenietur
966 4269 999 4335 in
1031 4271 1141 4336 rotulo
1170 4273 1423 4361 anni.l.quinti

317 4369 444 4436 domini
468 4369 554 4454 regis
577 4369 621 4437 ad
643 4371 845 4438 scaccarium
868 4373 902 4438 in
926 4374 1069 4440 termino
1093 4377 1227 4442 Pasche.
